@article{Albert1984,
author = {Albert, A and Anderson, J.A.},
doi = {10.1093/biomet/71.1.1},
journal = {Biometrika},
number = {1},
pages = {1--10},
title = {{On the existence of maximum likelihood estimates in logistic regression models}},
url = {http://biomet.oxfordjournals.org/content/71/1/1.abstract},
volume = {71},
year = {1984}
}
@article{Ariew2004,
author = {Ariew, Andr\'{e} and Lewontin, R C},
journal = {British Journal of Philosophical Science},
pages = {347--363},
title = {{The Confusions of Fitness}},
volume = {55},
year = {2004}
}
@article{Atkins2013,
author = {Atkins, David C and Baldwin, Scott A and Zheng, Cheng and Gallop, Robert J and Neighbors, Clayton},
doi = {10.1037/a0029508},
journal = {Psychology of Addictive Behaviors},
month = mar,
number = {1},
pages = {166--77},
pmid = {22905895},
title = {{A tutorial on count regression and zero-altered count models for longitudinal substance use data.}},
volume = {27},
year = {2013}
}
@article{Barnett2010,
author = {Barnett, Adrian G. and Koper, Nicola and Dobson, Annette J. and Schmiegelow, Fiona and Manseau, Micheline},
doi = {10.1111/j.2041-210X.2009.00009.x},
journal = {Methods in Ecology and Evolution},
month = mar,
number = {1},
pages = {15--24},
title = {{Using information criteria to select the correct variance-covariance structure for longitudinal data in ecology}},
volume = {1},
year = {2010}
}
@Manual{Bates2014a,
    title = {{lme4}: Linear mixed-effects models using Eigen and S4},
    author = {Douglas Bates and Martin Maechler and Ben Bolker and
      Steven Walker},
    year = {2014},
    note = {R package version 1.1-7} 
  }
@article{Bonduriansky2012,
author = {Bonduriansky, R},
doi = {10.1016/j.tree.2012.02.003},
issn = {0169-5347},
journal = {Trends in Ecology \& Evolution},
month = jun,
number = {6},
pages = {330--6},
pmid = {22445060},
publisher = {Elsevier Ltd},
title = {{Rethinking heredity, again.}},
url = {http://www.ncbi.nlm.nih.gov/pubmed/22445060},
volume = {27},
year = {2012}
}
@article{Brandon1984,
author = {Brandon, Robert and Beatty, John},
journal = {Philosophy of Science},
number = {2},
pages = {342--347},
title = {{The propensity interpretation of ' fitness '. No interpretation is no substitute.}},
volume = {51},
year = {1984}
}
@article{Brooks2013,
author = {Brooks, Mollie E and McCoy, Michael W and Bolker, Benjamin M},
doi = {10.1371/journal.pone.0076389},
journal = {PloS One},
month = jan,
number = {10},
pages = {e76389},
pmid = {24204620},
title = {{A method for detecting positive growth autocorrelation without marking individuals.}},
volume = {8},
year = {2013}
}
@article{Buntgen2014,
author = {B\"{u}ntgen, Ulf and Liebhold, Andrew and Jenny, Hannes and Mysterud, Atle and Egli, Simon and Nievergelt, Daniel and Stenseth, Nils C and Bollmann, Kurt},
doi = {10.1111/ele.12231},
journal = {Ecology Letters},
month = mar,
number = {3},
pages = {303--13},
pmid = {24341995},
title = {{European springtime temperature synchronises ibex horn growth across the eastern Swiss Alps.}},
volume = {17},
year = {2014}
}
@book{Burnham2002,
author= {Burnham, K. P. and Anderson, D. R.},
title = {{Model selection and multimodel inference: a practical information-theoretic approach, 2nd edn.}},
publisher={Springer-Verlag, New York},
year={2002}
}
@article{Cam2000,
author = {Cam, Emmanuelle and Monnat, Jean Yves},
doi = {10.1034/j.1600-0706.2000.900314.x},
journal = {Oikos},
month = sep,
number = {3},
pages = {560--574},
title = {{Stratification based on reproductive state reveals contrasting patterns of age-related variation in demographic parameters in the kittiwake}},
volume = {90},
year = {2000}
}
@article{Cam2002,
author = {Cam, Emmanuelle and Link, William a and Cooch, Evan G and Monnat, Jean-Yves and Danchin, Etienne},
doi = {10.1086/324126},
journal = {The American Naturalist},
keywords = {age,bivariate latent factors models,breeding probability,individual heterogeneity,survival,within-cohort phenotypic selection},
month = jan,
number = {1},
pages = {96--105},
pmid = {18707403},
title = {{Individual covariation in life-history traits: seeing the trees despite the forest.}},
volume = {159},
year = {2002}
}
@article{Cam2013,
author = {Cam, Emmanuelle and Gimenez, Olivier and Alpizar-Jara, Russell and Aubry, Lise M. and Authier, Matthieu and Cooch, Evan G. and Koons, David N. and Link, William A. and Monnat, Jean-Yves and Nichols, James D. and Rotella, Jay J. and Royle, Jeffrey A. and Pradel, Roger},
doi = {10.1111/j.1600-0706.2012.20532.x},
journal = {Oikos},
month = may,
number = {5},
pages = {739--753},
title = {{Looking for a needle in a haystack: inference about individual fitness components in a heterogeneous population}},
volume = {122},
year = {2013}
}
@article{Cam2014,
author = {Cam, Emmanuelle},
doi = {10.1111/1365-2656.12277},
journal = {Journal of Animal Ecology},
month = sep,
number = {5},
pages = {1003--1006},
title = {{In focus: The evolutionary significance of latent reproductive rate in a long-lived vertebrate}},
volume = {83},
year = {2014}
}
@article{Caswell2011,
    author = {Caswell, Hal},
    journal = {PLoS One},
    title = {Beyond $R_{0}$: Demographic models for variability of lifetime reproductive output},
    month = {06},
    volume = {6},
		pages = {e20809},
    number = {6},
    doi = {10.1371/journal.pone.0020809},
		year = {2011}
}        
@article{Chambert2013,
author = {Chambert, Thierry and Rotella, Jay J and Higgs, Megan D and Garrott, Robert A},
doi = {10.1002/ece3.615},
journal = {Ecology and Evolution},
month = jul,
number = {7},
pages = {2047--60},
pmid = {23919151},
title = {{Individual heterogeneity in reproductive rates and cost of reproduction in a long-lived vertebrate.}},
volume = {3},
year = {2013}
}
@article{Chambert2014,
author = {Chambert, Thierry and Rotella, Jay J and Higgs, Megan D},
doi = {10.1002/ece3.993},
journal = {Ecology and Evolution},
keywords = {bayesian inference,dynamic heterogeneity,fixed heterogeneity,individual variation,leptonychotes weddellii,model checking},
month = apr,
number = {8},
pages = {1389--97},
pmid = {24834335},
title = {{Use of posterior predictive checks as an inferential tool for investigating individual heterogeneity in animal population vital rates.}},
volume = {4},
year = {2014}
}
@article{Chambert2014a,
author = {Chambert, Thierry and Rotella, Jay J and Garrott, Robert A},
doi = {10.1111/1365-2656.12211},
journal = {The Journal of Animal Ecology},
month = feb,
pages = {1158--1168},
pmid = {24673453},
title = {{An evolutionary perspective on reproductive individual heterogeneity in a marine vertebrate.}},
volume = {83},
year = {2014}
}
@article{Charlesworth2014,
author = {Charlesworth, Brian},
journal = {Proceedings of the National Academy of Sciences},
number = {6},
pages = {1662--1669},
title = {{Causes of natural variation in fitness : Evidence from studies of Drosophila populations}},
volume = {112},
year = {2015}
}
@incollection{Clutton1988,
author = {Clutton-Brock, Tim H},
booktitle = {Reproductive success. Studies of individual variation in contrasting
   breeding systems.},
pages = {325--343},
publisher = {University of Chicago Press, Chicago and London},
editor = {Clutton-Brock, Tim H},
title = {{Reproductive success in male and female red deer.}},
year = {1988}
}
@article{Cluttonbrock2010,
author = {Clutton-Brock, Tim H and Sheldon, Ben C},
doi = {10.1016/j.tree.2010.08.002},
journal = {Trends in Ecology \& Evolution},
number = {10},
pages = {562--573},
title = {{Individuals and populations: the role of long-term, individual-based studies of animals in ecology and evolutionary biology}},
volume = {25},
year = {2010}
}
@article{Coulson2008a,
author = {Coulson, Tim and Tuljapurkar, Shripad},
doi = {10.1086/591693},
issn = {1537-5323},
journal = {The American naturalist},
number = {5},
pages = {599--612},
pmid = {18840061},
title = {{The dynamics of a quantitative trait in an age-structured population living in a variable environment.}},
volume = {172},
year = {2008}
}
@article{Coulson2006,
author = {Coulson, T and Benton, T G and Lundberg, P and Dall, S R X and Kendall, B E and Gaillard, J-M and B, Proc R Soc},
doi = {10.1098/rspb.2005.3357},
issn = {0962-8452},
journal = {Proceedings. Biological sciences / The Royal Society},
number = {1586},
pages = {547--55},
title = {{Estimating individual contributions to population growth: evolutionary fitness in ecological time.}},
volume = {273},
year = {2006}
}
@article{Coulson2014,
author={Coulson, T. and Clegg, S.},
title={{Population biology: Fur seals signal their own decline}},
journal={Nature},
volume={511},
pages={414--415},
year=2014
}
@article{Crainiceanu2004,
author = {Crainiceanu, Ciprian M. and Ruppert, David},
doi = {10.1111/j.1467-9868.2004.00438.x},
journal = {Journal of the Royal Statistical Society: Series B (Statistical Methodology)},
month = feb,
number = {1},
pages = {165--185},
title = {{Likelihood ratio tests in linear mixed models with one variance component}},
volume = {66},
year = {2004}
}
@article{Cushman2010,
author = {Cushman, Samuel a and Landguth, Erin L},
doi = {10.1111/j.1365-294X.2010.04656.x},
journal = {Molecular Ecology},
month = sep,
number = {17},
pages = {3592--602},
pmid = {20618896},
title = {{Spurious correlations and inference in landscape genetics.}},
volume = {19},
year = {2010}
}
@book{Darwin1859,
author = {Darwin, Charles},
title = {On the origin of species by means of natural selection, or the preservation of favoured races in the struggle for life},
publisher = {John Murray, London},
year = {1859}
}
@article{DeVillemereuil2013,
author = {de Villemereuil, Pierre and Gimenez, Olivier and Doligez, Blandine},
doi = {10.1111/2041-210X.12011},
journal = {Methods in Ecology and Evolution},
month = mar,
number = {3},
pages = {260--275},
title = {{Comparing parent-offspring regression with frequentist and Bayesian animal models to estimate heritability in wild populations: a simulation study for Gaussian and binary traits}},
volume = {4},
year = {2013}
}
@article{Ellegren2008,
author = {Ellegren, Hans and Sheldon, Ben C},
doi = {10.1038/nature06737},
journal = {Nature},
pages = {169--175},
title = {{Genetic basis of fitness differences in natural populations}},
volume = {452},
year = {2008}
}
@incollection{Fairbairn2001,
author = {Fairbairn, D. J. and Reeve, J.},
booktitle = {Evolutionary ecology: concepts and case studies.},
pages = {29--43},
publisher = {Oxford University Press, Oxford},
editor = {Fox, Charles W. and Roff, D. A. and Fairbairn, D. J.},
title = {{Natural selection}},
year = {2006}
}
@book{Fisher1958,
author={Fisher, R.},
title={{The genetical theory of natural selection}},
edition={Second},
publisher={Dover Publications, New York},
year={1958}
}
@article{Forcada2014,
author={Forcada, J. and Hoffman,J.I.},
title={{Climate change selects for heterozygosity in a declining fur seal population}},
journal={Nature},
volume={511},
pages={462--465},
year=2014
}
@article{Fox2002,
author = {Fox, Gordon A and Kendall, Bruce E},
doi = {10.1890/0012-9658(2002)083[1928:DSATVR]2.0.CO;2},
isbn = {0012-9658},
issn = {0012-9658},
journal = {Ecology},
number = {7},
pages = {1928--1934},
title = {{Demographic stochasiticy and the variance reduction effect}},
volume = {83},
year = {2002}
}
@article{Frank2012a,
author = {Frank, S. a.},
doi = {10.1111/jeb.12010},
journal = {Journal of Evolutionary Biology},
month = dec,
number = {12},
pages = {2377--2396},
title = {{Natural selection. V. How to read the fundamental equations of evolutionary change in terms of information theory}},
volume = {25},
year = {2012}
}
@book{Futuyama1998,
author={Futuyama, D. J.},
title={Evolutionary biology, 3rd ed.},
publisher={Sinauer Associates},
year=1998
}
@article{Gillespie2008,
author = {Gillespie, Duncan O S and Russell, Andrew F and Lummaa, Virpi},
doi = {10.1098/rspb.2007.1000},
journal = {Proceedings of the Royal Society of London. Serie B: Biological Sciences},
month = mar,
number = {1635},
pages = {713--22},
pmid = {18211874},
title = {{When fecundity does not equal fitness: evidence of an offspring quantity versus quality trade-off in pre-industrial humans.}},
volume = {275},
year = {2008}
}
@article{Gimenez2010,
author = {Gimenez, O and Choquet, R},
journal = {Ecology},
number = {4},
pages = {951--957},
title = {{Individual heterogeneity in studies on marked animals using numerical integration: capture-recapture mixed models}},
volume = {91},
year = {2010}
}
@article{Gonzalez-Suarez2011,
author = {Gonz\'{a}lez-Su\'{a}rez, Manuela and {Le Galliard}, Jean-Fran\c{c}ois and Claessen, David},
doi = {10.1086/661906},
journal = {The American Naturalist},
month = oct,
number = {4},
pages = {525--37},
pmid = {21956030},
title = {{Population and life-history consequences of within-cohort individual variation.}},
volume = {178},
year = {2011}
}
@article{Guillemain2013,
author = {Guillemain, Matthieu and Green, Andy J. and Simon, G\'{e}raldine and Gauthier-Clerc, Michel},
doi = {10.1007/s10336-013-0968-x},
journal = {Journal of Ornithology},
month = may,
number = {4},
pages = {1007--1018},
title = {{Individual quality persists between years: individuals retain body condition from one winter to the next in Teal}},
volume = {154},
year = {2013}
}
@Article{Hadfield2006,
    title = {Towards unbiased parentage assignment: combining genetic,
      behavioural and spatial data in a Bayesian framework},
    author = {J.D. Hadfield and D.S. Richardson and T. Burke},
    year = {2006},
    journal = {Molecular Ecology},
    volume = {15},
    number = {12},
    pages = {3684},
    month = {1},
  }
@Article{Hadfield2010,
    title = {MCMC Methods for Multi-Response Generalized Linear Mixed
      Models: The {MCMCglmm} {R} Package},
    author = {Jarrod D Hadfield},
    journal = {Journal of Statistical Software},
    year = {2010},
    volume = {33},
    number = {2},
    pages = {1--22}
  }
	@article{Hadfield2011,
author = {Hadfield, Jarrod D and Wilson, Alastair J and Kruuk, Loeske E B},
doi = {10.1534/genetics.110.124990},
journal = {Genetics},
month = apr,
number = {4},
pages = {1099--113},
title = {{Cryptic evolution: does environmental deterioration have a genetic basis?}},
volume = {187},
year = {2011}
}
@article{Hansen2011,
author = {Hansen, Thomas F. and P\'{e}labon, Christophe and Houle, David},
doi = {10.1007/s11692-011-9127-6},
journal = {Evolutionary Biology},
keywords = {Evolvability,Genetic variance,Heritability,Measurement theory,Quantitative genetics,Scaling},
pages = {258--277},
title = {{Heritability is not evolvability}},
volume = {38},
year = {2011}
}
@article{Haring2000,
author = {Haring, E and Herzig-Straschil, B and Spitzenberger, F},
journal = {Journal of Zoological Systematics and Evolutionary Research},
pages = {231--238},
title = {{Phylogenetic analysis of Alpine voles of the \textit{Microtus multiplex} complex using the mitochondrial control region}},
volume = {38},
year = {2000}
}
@article{Heywood2005,
author = {Heywood, JS},
journal = {Evolution},
number = {11},
pages = {2287--2298},
title = {{An exact form of the breeder's equation for the evolution of a quantitative trait under natural selection}},
volume = {59},
year = {2005}
}
@article{Hill1979,
author = {Hill, William G},
journal = {Genetics},
pages = {317--322},
title = {{A note on effective population size with overlapping generations}},
volume = {92},
year = {1979}
}
@book{Hosmer2013,
address = {Hoboken, New Jersey},
author = {Hosmer, David W and Lemeshow, Stanley and Sturdivant, Rodney X},
doi = {10.1002/0471722146},
Publisher = {Wiley},
isbn = {0471356328},
keywords = {covariate pattern,goodness-of-fit,m-symptotics},
mendeley-groups = {Softwares and methods/Linear Models,Bibliography for papers/Neutral Simul VS MM},
title = {{Applied logistic regression, third edition}},
year = {2013}
}
@article{Illius2007,
author = {Illius, A. W. and Tolkamp, B. J. and Yearsley, J.},
doi = {10.1079/PNS2002179},
journal = {Proceedings of the Nutrition Society},
month = mar,
number = {04},
pages = {465--472},
title = {{The evolution of the control of food intake}},
volume = {61},
year = {2007}
}
@article{Janeau1997,
author = {Janeau, G and Aulagnier, S},
journal = {IBEX Journal of Mountain Ecology},
pages = {1--11},
title = {{Snow vole - \textit{Chionomys nivalis} (Martins 1842)}},
volume = {4},
year = {1997}
}
@article{Jones2010,
author = {Jones, Owen R. and Wang, Jinliang},
doi = {10.1111/j.1755-0998.2009.02787.x},
journal = {Molecular Ecology Resources},
pages = {551--555},
title = {{COLONY : a program for parentage and sibship inference from multilocus genotype data}},
volume = {10},
year = {2010}
}
@article{Keller2002,
author = {Keller, LF and Waller, DM},
journal = {Trends in Ecology \& Evolution},
number = {5},
pages = {19--23},
title = {{Inbreeding effects in wild populations}},
volume = {17},
year = {2002}
}
@article{Kendall2011,
author = {Kendall, Bruce E. and Fox, Gordon A. and Fujiwara, Masami and Nogeire, Theresa M.},
journal = {Ecology},
number = {10},
pages = {1985--1993},
pmid = {22073789},
title = {{Demographic heterogeneity, cohort selection, and population growth}},
volume = {92},
year = {2011}
}
@article{Ketola2014,
author = {Ketola, Tarmo and Kellermann, Vanessa M and Loeschcke, Volker and L\'{o}pez-Sepulcre, Andr\'{e}s and Kristensen, Torsten N},
doi = {10.1111/evo.12285},
journal = {Evolution},
month = feb,
number = {2},
pages = {587--94},
pmid = {24168320},
title = {{Does environmental robustness play a role in fluctuating environments?}},
volume = {68},
year = {2014}
}
@article{Kingsolver2001,
author = {Kingsolver, J. G. and Hoekstra, J. M. and Berrigan, D. and Vignieri, S. N. and Hill, C. E. and Hoang, A and Gibert, P and Beerli, P},
journal = {The American naturalist},
number = {3},
pages = {245--261},
title = {{The strength of phenotypic selection in natural populations}},
volume = {157},
year = {2001}
}
@article{Krimbas2004,
author = {Krimbas, Costas B.},
doi = {10.1023/B:BIPH.0000024402.80835.a7},
journal = {Biology \& Philosophy},
month = mar,
number = {2},
pages = {185--203},
title = {{On fitness}},
volume = {19},
year = {2004}
}
@article{Kruuk2007,
author = {Kruuk, L E B and Hadfield, J D},
doi = {10.1111/j.1420-9101.2007.01377.x},
journal = {Journal of Evolutionary Biology},
month = sep,
number = {5},
pages = {1890--903},
title = {{How to separate genetic and environmental causes of similarity between relatives.}},
volume = {20},
year = {2007}
}
@article{Leblois2009,
author={Leblois, R. and Estoup, A. and Rousset, F.},
journal = {Molecular Ecology Resources},
title = {{IBD Sim: A computer program to simulate genotypic data under Isolation by Distance}},
volume = {9},
pages = {107--109},
year = {2009}
}
@book{Lynch1998,
author= {Lynch, M. and Walsh, B.},
title = {{Genetics and analysis of quantitative traits}},
publisher={ Sunderland, MA: Sinauer Associates},
year= {1998}
}
@article{Marshall1998,
author = {Marshall, TC and Slate, J and Kruuk, Loeske E.B. and Pemberton, Josephine M},
journal = {Molecular Ecology},
pages = {639--655},
title = {{Statistical confidence for likelihood-based paternity inference in natural populations}},
volume = {7},
year = {1998}
}
@article{Matsumoto1998,
author = {Matsumoto, M. and Nishimura,T. },
journal = {ACM Transactions on Modeling and Computer Simulation},
pages = {3--30},
title = {{Mersenne Twister: A 623-dimensionally equidistributed uniform pseudo-random number generator}},
volume = {8},
number = {1},
year={1998}
}
@article{Mauck2012,
author = {Mauck, Robert a. and Huntington, Charles E. and {Doherty Jr}, Paul F.},
doi = {10.1111/j.1600-0706.2012.20271.x},
journal = {Oikos},
month = sep,
number = {9},
pages = {1379--1390},
title = {{Experience versus effort: what explains dynamic heterogeneity with respect to age?}},
volume = {121},
year = {2012}
}
@article{Mitton1993,
author = {Mitton, JB and Schuster, WSF and Cothran, EG and {De Fries}, JC},
journal = {Heredity},
number = {1},
pages = {59--63},
title = {{Correlation between the individual heterozygosity of parents and their offspring}},
volume = {71},
year = {1993}
}
@article{Morris1998,
author = {Morris, DW},
journal = {Oikos},
pages = {518--528},
title = {{State-dependent optimization of litter size}},
volume = {83},
year = {1998}
}
@article{Mousseau1987,
author = {Mousseau, Timothy A and Roff, Derek A},
doi = {10.1038/hdy.1987.113},
journal = {Heredity},
month = oct,
number = {2},
pages = {181--197},
title = {{Natural selection and the heritability of fitness components}},
volume = {59},
year = {1987}
}
@article{Orzack2011,
author = {Orzack, Steven Hecht and Steiner, Ulrich K. and Tuljapurkar, Shripad and Thompson, Paul},
doi = {10.1111/j.1600-0706.2010.17996.x},
journal = {Oikos},
month = mar,
number = {3},
pages = {369--380},
title = {{Static and dynamic expression of life history traits in the northern fulmar \emph{Fulmarus glacialis}}},
volume = {120},
year = {2011}
}
@article{Plard2012,
author = {Plard, F. and Bonenfant, C. and Delorme, D. and Gaillard, J.M.},
doi = {10.1016/j.tpb.2012.03.006},
journal = {Theoretical Population Biology},
month = dec,
number = {4},
pages = {317--328},
publisher = {Elsevier Inc.},
title = {{Modeling reproductive trajectories of roe deer females: Fixed or dynamic heterogeneity?}},
volume = {82},
year = {2012}
}
@book{Pinheiro2000,
author= {Pinheiro, Jose C. and Bates, Douglas M.},
title= {{Mixed-Effects Models in S and S-PLUS}},
series={ Statistics and Computing Series},
publisher={Springer-Verlag, New York, NY},
year={2000}
}
@incollection{Postma2014,
author= {Postma, Erik},
title={{Four decades of estimating heritabilities in wild vertebrate populations: improved methods, more data, better estimates?}},
editor={Charmentier, Anne and Garant, Dany and  Kruuk, Loeske E. B.},
booktitle={Quantitative genetics in the wild},
publisher={Oxford University Press},
address={Oxford},
year= 2014
}
@book{Price1996,
author= {Price, P. W.},
title={Biological evolution},
publisher={Saunders College Publishing, Philadelphia, PA.},
year=1996
}
@article{Price1972,
author={Price, G.R.},
journal = {Annals of Human Genetics},
title = {{Fisher's fundamental theorem made clear}},
volume = {36},
number = {2},
pages = {129--140},
year={1972}
}
@Manual{R2014,
    title = {R: A Language and Environment for Statistical Computing},
    author = {{R Core Team}},
    organization = {R Foundation for Statistical Computing},
    address = {Vienna, Austria},
    year = {2014}
  }
@book{Ridley2004,
author={Ridley, M},
title={Evolution, 3rd ed.},
publisher={Blackwell Science},
year=2004}
@article{Robertson1966,
author = {Robertson, A},
title = {{A mathematical model of the culling process in dairy cattle.}},
journal = {Animal Production},
volume = {8},
pages = {95--108},
year={1966}
}
@incollection{Rotella2008,
author = {Rotella, Jay J},
booktitle = {Modeling Demographic Processes In Marked Populations. Series Environmental and Ecological Statistics, Vol 3.},
doi = {10.1007/978-0-387-78151-8},
editor = {Thomson, David L and Cooch, Evan G and Conroy, Michael J},
isbn = {978-0-387-78150-1},
pages = {157--172},
publisher = {Springer},
title = {{Estimating reproductive costs with multi-state mark-recapture models, multiple observable states, and temporary emigration}},
year = {2008}
}
@article{Royle2008,
author = {Royle, J Andrew},
doi = {10.1111/j.1541-0420.2007.00891.x},
journal = {Biometrics},
month = jun,
number = {2},
pages = {364--70},
pmid = {17725811},
title = {{Modeling individual effects in the Cormack-Jolly-Seber model: a state-space formulation.}},
volume = {64},
year = {2008}
}
@article{Schauber2011,
author = {Schauber, Eric M and Goodwin, Brett J and Jones, Clive G and Ostfeld, Richard S},
journal = {Ecology},
number = {5},
pages = {1112--1118},
title = {{Spatial selection and inheritance: applying evolutionary concepts to population dynamics in heterogeneous space}},
url = {http://www.jstor.org/stable/27651210},
volume = {88},
year = {2007}
}
@article{Self1987,
author = {Self, Steven G. and Liang, K Y},
journal = {Journal of the American Statistical Association},
number = {398},
pages = {605--610},
title = {{Asymptotic properties of maximum likelihood estimators and likelihood ratio tests under nonstandard conditions.}},
volume = {82},
year = {1987}
}
@book{Stearns1992,
author={Stearns,Stephen C.},
title={{The evolution of life histories}},
publisher={Oxford University Press, Oxford},
year=1992}
@article{Steiner2010,
author = {Steiner, Ulrich K and Tuljapurkar, Shripad and Orzack, Steven Hecht},
doi = {10.1111/j.1365-2656.2009.01653.x},
journal = {Journal of Animal Ecology},
month = mar,
number = {2},
pages = {436--44},
pmid = {20102422},
title = {{Dynamic heterogeneity and life history variability in the kittiwake.}},
volume = {79},
year = {2010}
}
@article{Steiner2012,
author = {Steiner, Ulrich Karl and Tuljapurkar, Shripad},
doi = {10.1073/pnas.1018096109/-/DCSupplemental.www.pnas.org/cgi/doi/10.1073/pnas.1018096109},
journal = {Proceedings of the National Academy of Sciences},
number = {12},
pages = {4684--4689},
title = {{Neutral theory for life histories and individual variability in fitness components}},
volume = {109},
year = {2012}
}
@article{Tuljapurkar2009,
author = {Tuljapurkar, Shripad and Steiner, Ulrich K and Orzack, Steven Hecht},
doi = {10.1111/j.1461-0248.2008.01262.x},
journal = {Ecology Letters},
month = jan,
number = {1},
pages = {93--106},
pmid = {19016825},
title = {{Dynamic heterogeneity in life histories.}},
volume = {12},
year = {2009}
}
@article{Turner2009,
author = {Turner, Bryan M},
journal = {Philosophical transactions of the Royal Society of London. Series B, Biological sciences},
month = nov,
number = {1534},
pages = {3403--18},
pmid = {19833651},
title = {{Epigenetic responses to environmental change and their evolutionary implications.}},
volume = {364},
year = {2009}
}
@article{vanNoordwijk1986,
author = {van Noordwijk, Arie J and de Jong, G.},
file = {:C$\backslash$:/Users/Thimothee Admin/Documents/Bibliography/van Noordwijk \& de Jong \_ 1986 \_ Acquisition and allocation of ressources\_ their influence on variation in life history tactics.pdf:pdf},
journal = {The American Naturalist},
number = {1},
pages = {137--142},
title = {{Acquisition and allocation of resources: Their influence on variation in life history tactics}},
volume = {128},
year = {1986}
}
@article{Vaupel1979,
author = {Vaupel, JW and Manton, KG and Stallard, E},
journal = {Demography},
number = {3},
pages = {439--454},
title = {{The impact of heterogeneity in individual frailty on the dynamics of mortality}},
volume = {16},
year = {1979}
}
@article{Vaupel1988,
author = {Vaupel, J W},
doi = {10.2307/2061294},
isbn = {0070-3370},
issn = {00703370},
journal = {Demography},
number = {2},
pages = {277--287},
pmid = {3396752},
title = {{Inherited frailty and longevity.}},
volume = {25},
year = {1988}
}
@article{Vergara2012,
author = {Vergara, Pablo and Martinez-Padilla, J and Mougeot, F and Leckie, F and Redpath, S M},
doi = {10.1111/j.1420-9101.2011.02399.x},
journal = {Journal of Evolutionary Biology},
month = jan,
number = {1},
pages = {20--8},
pmid = {22022806},
title = {{Environmental heterogeneity influences the reliability of secondary sexual traits as condition indicators.}},
volume = {25},
year = {2012}
}
@incollection{Wade2006,
author = {Wade, Michael J.},
booktitle = {Evolutionary genetics: concepts and case studies.},
pages = {399--413},
publisher = {Oxford University Press, Oxford},
editor = {Fox, Charles W. and Wolf, Jason B.},
title = {{Natural selection}},
year = {2006}
}
@article{Wandeler2008,
author = {Wandeler, Peter and Ravaioli, R and Bucher, T. B.},
doi = {10.1111/j.1471-8286.2007.02028.x},
journal = {Molecular Ecology Resources},
pages = {637--639},
title = {{Microsatellite DNA markers for the snow vole (\textit{Chionomys nivalis})}},
volume = {8},
year = {2008}
}
@article{Wandeler2011,
author = {Wandeler, Peter and Camenisch, Glauco},
doi = {10.1111/j.1755-0998.2011.03013.x},
journal = {Molecular Ecology Resources},
pages = {835--841},
title = {{Identifying Y-chromosomal diversity by long-template PCR}},
volume = {11},
year = {2011}
}
@article{Wilberg2008,
author = {Wilberg, Michael J. and Bence, James R.},
doi = {10.1016/j.fishres.2008.04.010},
journal = {Fisheries Research},
month = sep,
number = {1-2},
pages = {212--221},
title = {{Performance of deviance information criterion model selection in statistical catch-at-age analysis}},
volume = {93},
year = {2008}
}
@article{Wolf2009,
author = {Wolf, Jason B and Wade, Michael J},
journal = {Philosophical transactions of the Royal Society of London. Series B, Biological sciences},
month = apr,
number = {1520},
pages = {1107--15},
title = {{What are maternal effects (and what are they not)?}},
volume = {364},
year = {2009}
}