@article{Arnold2008,
author = {Arnold, Stevan J. and B{\"{u}}rger, Reinhard and Hohenlohe, Paul A. and Ajie, Beverley C. and Jones, Adam G.},
doi = {10.1111/j.1558-5646.2008.00472.x},
issn = {00143820},
journal = {Evolution},
number = {10},
pages = {2451--2461},
title = {{Understanding the evolution and stability of the G-matrix}},
url = {http://doi.wiley.com/10.1111/j.1558-5646.2008.00472.x},
volume = {62},
year = {2008}
}

@article{Barfield2011,
author = {Barfield, Michael and Holt, Robert D and Gomulkiewicz, Richard},
doi = {10.1086/658903},
issn = {1537-5323},
journal = {American Naturalist},
month = apr,
number = {4},
pages = {397--409},
pmid = {21460563},
title = {{Evolution in stage-structured populations.}},
volume = {177},
year = {2011} 
}

@book{Crow1970,
  title={{An Introduction to Population Genetics Theory.}},
  author={Crow, James F and Kimura, Motoo},
  year={1970},
  publisher={Harper \& Row, Publishers},
  address={New York, Evanston and London}
}

  @Manual{R,
    title = {R: A Language and Environment for Statistical Computing},
    author = {{R Core Team}},
    organization = {R Foundation for Statistical Computing},
    address = {Vienna, Austria},
    year = {2015},
    url = {http://www.R-project.org/},
  }
  
@article {Adler2010,
author = {Adler, Peter B. and Ellner, Stephen P. and Levine, Jonathan M.},
title = {Coexistence of perennial plants: an embarrassment of niches},
journal = {Ecology Letters},
volume = {13},
number = {8},
publisher = {Blackwell Publishing Ltd},
issn = {1461-0248},
url = {http://dx.doi.org/10.1111/j.1461-0248.2010.01496.x},
doi = {10.1111/j.1461-0248.2010.01496.x},
pages = {1019--1029},
keywords = {Community ecology, competition, demography, extinction, individual-based model, integral projection model, niche, population dynamics},
year = {2010},
}

@article{ipcc,
  title={Climate change 2014: impacts, adaptation, and vulnerability},
  author={Field, Christopher B and Barros, Vicente R and Mach, K and Mastrandrea, M},
  journal={Contribution of Working Group II to the Fifth Assessment Report of the Intergovernmental Panel on Climate Change},
  year={2014}
}

@article {Becks2012,
author = {Becks, Lutz and Ellner, Stephen P. and Jones, Laura E. and Hairston, Nelson G.},
title = {The functional genomics of an eco-evolutionary feedback loop: linking gene expression, trait evolution, and community dynamics},
journal = {Ecology Letters},
volume = {15},
number = {5},
publisher = {Blackwell Publishing Ltd},
issn = {1461-0248},
url = {http://dx.doi.org/10.1111/j.1461-0248.2012.01763.x},
doi = {10.1111/j.1461-0248.2012.01763.x},
pages = {492--501},
keywords = {Chemostat dynamics, eco-evolutionary dynamics, eco-evolutionary feedback loop, microarray, microcosm, predator–prey},
year = {2012},
}


@article{Biggs2009,
author = {Biggs, Reinette and Carpenter, Stephen R. and Brock, William A.},
doi = {10.1073/pnas.0811729106},
issn = {1091-6490},
journal = {Proceedings of the National Academy of Sciences, USA},
month = jan,
number = {3},
pages = {826--831},
pmid = {19124774},
title = {{Turning back from the brink: detecting an impending regime shift in time to avert it.}},
url = {http://www.pubmedcentral.nih.gov/articlerender.fcgi?artid=2630060\&tool=pmcentrez\&rendertype=abstract},
volume = {106},
year = {2009}
}

@article{Bjorklund2013,
author = {Bj{\"{o}}rklund, M and Husby, A and Gustafsson, L},
doi = {10.1111/jeb.12044},
isbn = {1420-9101},
issn = {1420-9101},
journal = {Journal of Evolutionary Biology},
number = {1},
pages = {1--13},
pmid = {23240615},
title = {{Rapid and unpredictable changes of the G-matrix in a natural bird population over 25 years.}},
volume = {26},
year = {2013}
}

@article{Boettiger2013a,
author = {Boettiger, Carl and Hastings, Alan},
file = {:home/koen/.local/share/data/Mendeley Ltd./Mendeley Desktop/Downloaded/Boettiger, Hastings - 2013 - Tipping points From patterns to predictions.pdf:pdf},
journal = {Nature},
title = {{Tipping points: From patterns to predictions}},
url = {http://www.nature.com/nature/journal/v493/n7431/493157a/metrics/\$navItem.href},
issue = {493},
pages = {157--158},
year = {2013}
}

@article{Boettiger2013,
author = {Boettiger, Carl and Hastings, Alan},
journal = {Proceedings of the Royal Society of London B: Biological Sciences},
volume = {280},
number = {1766},
title = {{No early warning signals for stochastic transitions: insights from large deviation theory}},
url = {http://rspb.royalsocietypublishing.org/content/280/1766/20131372.short},
doi = {10.1098/rspb.2013.1372},
publisher = {The Royal Society},
isbn = {1471-2954},
issn = {0962-8452},
year = {2013}
}

@article{Boettiger2012,
author = {Boettiger, Carl and Hastings, Alan},
doi = {10.1098/rspb.2012.2085},
issn = {1471-2954},
journal = {Proceedings of the Royal Society of London B: Biological Sciences},
month = dec,
number = {1748},
pages = {4734--4739},
pmid = {23055060},
title = {{Early warning signals and the prosecutor's fallacy.}},
url = {http://www.pubmedcentral.nih.gov/articlerender.fcgi?artid=3497104\&tool=pmcentrez\&rendertype=abstract},
volume = {279},
year = {2012}
}

@book{Breiman1984,
author = {Breiman, Leo and Friedman, Jerome H. and Olshen, Richard A. and Stones, Charles J.},
publisher = {Chapman \& Hall},
title = {{Classification and Regression Trees}},
year = {1984}
}

@book{Brigham1974,
address = {Englewood Cliffs, New Jersey},
author = {Brigham, E. Oran},
publisher = {Prentice-Hall, Inc.},
title = {{The Fast Fourier Transform}},
year = {1974}
}

@article{Brommer2004,
author = {Brommer, Jon E and Gustafsson, Lars and Pieti\"{a}inen, Hannu and Meril\"{a}, Juha},
doi = {10.1086/382547},
issn = {1537-5323},
journal = {American Naturalist},
month = apr,
number = {4},
pages = {505--517},
pmid = {15122499},
title = {{Single-generation estimates of individual fitness as proxies for long-term genetic contribution.}},
volume = {163},
year = {2004}
}

@article{Cameron2013,
author = {Cameron, Tom C. and O'Sullivan, Daniel and Reynolds, Alan and Piertney, Stuart B. and Benton, Tim G.},
journal = {Ecology Letters},
issn = {1461-0248},
title = {{Eco-evolutionary dynamics in response to selection on life-history}},
url = {http://onlinelibrary.wiley.com/doi/10.1111/ele.12107/full},
volume = {16},
number = {6},
pages = {754--763},
year = {2013}
}

@article {Canale2016,
author = {Canale, Cindy I. and Ozgul, Arpat and Allain\'e, Dominique and Cohas, Aurelie},
title = {Differential plasticity of size and mass to environmental change in a hibernating mammal},
journal = {Global Change Biology},
volume = {in press},
year = {2016}
}

@article{Carpenter2011,
author = {Carpenter, Stephen R and Cole, J J and Pace, M L and Batt, R and Brock, William a and Cline, T and Coloso, J and Hodgson, J R and Kitchell, J F and Seekell, David a and Smith, L and Weidel, B},
doi = {10.1126/science.1203672},
issn = {1095-9203},
journal = {Science},
month = may,
number = {6033},
pages = {1079--1082},
pmid = {21527677},
title = {{Early warnings of regime shifts: a whole-ecosystem experiment.}},
url = {http://www.ncbi.nlm.nih.gov/pubmed/21527677},
volume = {332},
year = {2011}
}

@article{Caswell2007,
author = {Caswell, H},
doi = {10.1111/j.1461-0248.2006.01001.x},
issn = {1461-0248},
journal = {Ecology Letters},
month = jan,
number = {1},
pages = {1--15},
pmid = {17204112},
title = {{Sensitivity analysis of transient population dynamics}},
url = {<Go to ISI>://000242903600001 file://C:$\backslash$res$\backslash$literatur$\backslash$pdfartikel$\backslash$alle$\backslash$Caswell\_2007EcologyLetters.pdf},
volume = {10},
year = {2007}
}

@book{Charmantier2014,
author= {Charmentier, Anne and Garant, Dany and  Kruuk, Loeske E. B.},
title={{Quantitative Genetics in the Wild}},
publisher={Oxford University Press},
address={Oxford},
year= 2014
}

@article{Chevin2012,
author = {Chevin, Luis-Miguel and Collins, Sin\'{e}ad and Lef\`{e}vre, Fran\c{c}ois},
doi = {10.1111/j.1365-2435.2012.02043.x},
editor = {Hoffmann, Ary},
issn = {02698463},
journal = {Functional Ecology},
month = aug,
number = {4},
pages = {967–979},
title = {{Phenotypic plasticity and evolutionary demographic responses to climate change: taking theory out to the field}},
url = {http://doi.wiley.com/10.1111/j.1365-2435.2012.02043.x},
volume = {27},
year = {2012}
}

@article{Chevin2013,
author = {Chevin, Luis-Miguel and Gallet, Romain and Gomulkiewicz, Richard and Holt, Robert D and Fellous, Simon},
doi = {10.1098/rstb.2012.0089},
issn = {1471-2970},
journal = {Philosophical transactions of the Royal Society of London. Series B, Biological sciences},
month = jan,
number = {1610},
pages = {20120089},
pmid = {23209170},
title = {{Phenotypic plasticity in evolutionary rescue experiments.}},
url = {http://www.ncbi.nlm.nih.gov/pubmed/23209170},
volume = {368},
year = {2013}
}

@article{Chevin2010,
author = {Chevin, Luis-Miguel and Lande, Russell},
doi = {10.1111/j.1558-5646.2009.00875.x},
issn = {1558-5646},
journal = {Evolution},
month = apr,
number = {4},
pages = {1143--1150},
pmid = {19863583},
title = {{When do adaptive plasticity and genetic evolution prevent extinction of a density-regulated population?}},
url = {http://www.ncbi.nlm.nih.gov/pubmed/19863583},
volume = {64},
year = {2010}
}

@article{Chevin2010a,
author = {Chevin, Luis-Miguel and Lande, Russell and Mace, Georgina M},
doi = {10.1371/journal.pbio.1000357},
issn = {1545-7885},
journal = {PLoS Biology},
month = jan,
number = {4},
pages = {e1000357},
pmid = {20463950},
title = {{Adaptation, plasticity, and extinction in a changing environment: towards a predictive theory.}},
url = {http://www.pubmedcentral.nih.gov/articlerender.fcgi?artid=2864732\&tool=pmcentrez\&rendertype=abstract},
volume = {8},
year = {2010}
}

@article{chevin2015,
  title={Evolution of adult size depends on genetic variance in growth trajectories: a comment on analyses of evolutionary dynamics using integral projection models},
  author={Chevin, Luis-Miguel},
  journal={Methods in Ecology and Evolution},
  year={2015},
  publisher={Wiley Online Library},
  volume={6},
  pages={981--986}
}

@article{childs2011predicting,
  title={Predicting trait values and measuring selection in complex life histories: reproductive allocation decisions in Soay sheep},
  author={Childs, D Z and Coulson, T N and Pemberton, J M and Clutton-Brock, T H and Rees, M},
  journal={Ecology letters},
  volume={14},
  number={10},
  pages={985--992},
  year={2011},
  publisher={Wiley Online Library}
}


@article{Childs2016,
author = {Childs, Dylan Z. and Sheldon, Ben C. and Rees, Mark},
doi = {10.1111/1365-2656.12483},
issn = {00218790},
journal = {Journal of Animal Ecology},
number = {2},
pages = {329--342},
title = {{The evolution of labile traits in sex- and age-structured populations}},
volume = {85},
year = {2016}
}


@article{Clayton1957,
year={1957},
issn={0022-1333},
journal={Journal of Genetics},
volume={55},
number={1},
doi={10.1007/BF02981620},
title={An experimental check on quantitative genetical theory \textrm{I}. \uppercase{S}hort-term responses to selection},
url={http://dx.doi.org/10.1007/BF02981620},
publisher={Springer India},
author={Clayton, G.A. and Morris, J.A. and Robertson, Alan},
pages={131--151},
language={English}
}

@article{Clutton-brock2010,
author = {Clutton-brock, Tim and Sheldon, Ben C},
doi = {10.1016/j.tree.2010.08.002},
journal = {Trends in ecology {\&} evolution},
number = {10},
pages = {562--573},
title = {{Individuals and populations: the role of long-term, individual-based studies of animals in ecology and evolutionary biology}},
volume = {25},
year = {2010}
}

@article{Coltman2003,
author = {Coltman, David W. and O'Donoghue, Paul and Jorgenson, Jon T. and Hogg, John T. and Strobeck, Curtis and Festa-Bianchet, Marco},
doi = {10.1038/nature02187.1.},
journal = {Nature},
number = {December},
pages = {655--658},
title = {{Undesirable evolutionary consequences of trophy hunting}},
volume = {426},
year = {2003}
}

@article{Coulson2015,
author = {Coulson, T and Plard, F and Schindler, S and Ozgul, A and Gaillard, J-M},
booktitle = {arXiv:1509.01351 [q-bio.PE]},
title = {{Quantitative genetics meets integral projection models: unification of widely used methods from ecology and evolution}},
year = {2015},
journal = {bioRxiv},
volume = {preprint}
}


@article{Coulson2008,
author = {Coulson, Tim and Tuljapurkar, Shripad},
doi = {10.1086/591693.The},
file = {:home/koen/.local/share/data/Mendeley Ltd./Mendeley Desktop/Downloaded/Coulson, Tuljapurkar - 2008 - The dynamics of a quantitative trait in an age-structured population living in a variable environment(3).pdf:pdf},
journal = {American Naturalist},
number = {5},
pages = {599--612},
title = {{The dynamics of a quantitative trait in an age-structured population living in a variable environment}},
url = {http://www.ncbi.nlm.nih.gov/pmc/articles/PMC3345271/},
volume = {172},
year = {2008}
}

@article{Coulson2011modeling,
  title={Modeling effects of environmental change on wolf population dynamics, trait evolution, and life history},
  author={Coulson, Tim and MacNulty, Daniel R and Stahler, Daniel R and Wayne, Robert K and Smith, Douglas W and others},
  journal={Science},
  volume={334},
  number={6060},
  pages={1275--1278},
  year={2011},
	url = {http://www.sciencemag.org/content/334/6060/1275.short},
  publisher={American Association for the Advancement of Science}
}

@article{Coulson2010,
author = {Coulson, Tim and Tuljapurkar, Shripad and Childs, Dylan Z},
doi = {10.1111/j.1365-2656.2010.01734.x},
issn = {1365-2656},
journal = {Journal of Animal Ecology},
month = nov,
number = {6},
pages = {1226--1240},
pmid = {20704627},
title = {{Using evolutionary demography to link life history theory, quantitative genetics and population ecology.}},
url = {http://www.pubmedcentral.nih.gov/articlerender.fcgi?artid=3017750\&tool=pmcentrez\&rendertype=abstract},
volume = {79},
year = {2010}
}

@article{Criminisi2011,
author = {Criminisi, A and Shotton, J and Konukoglu, E},
file = {:home/koen/.local/share/data/Mendeley Ltd./Mendeley Desktop/Downloaded/Criminisi, Shotton, Konukoglu - 2011 - Decision forests for classification, regression, density estimation, manifold learning and semi-s.pdf:pdf},
journal = {Microsoft Research Cambridge, Tech. \ldots},
title = {{Decision forests for classification, regression, density estimation, manifold learning and semi-supervised learning}},
url = {http://www.ehu.es/ccwintco/uploads/6/66/Random\_Forest\_Crim.pdf},
year = {2011}
}

@article{Dakos2012,
author = {Dakos, Vasilis and Carpenter, Stephen R and Brock, William A and Ellison, Aaron M and Guttal, Vishwesha and Ives, Anthony R and K\'{e}fi, Sonia and Livina, Valerie and Seekell, David A and van Nes, Egbert H and Scheffer, Marten},
doi = {10.1371/journal.pone.0041010},
issn = {1932-6203},
journal = {PloS One},
month = jan,
number = {7},
pages = {e41010},
pmid = {22815897},
title = {{Methods for detecting early warnings of critical transitions in time series illustrated using simulated ecological data.}},
url = {http://www.pubmedcentral.nih.gov/articlerender.fcgi?artid=3398887\&tool=pmcentrez\&rendertype=abstract},
volume = {7},
year = {2012}
}

@article{Doorslaer2009,
author = {van Doorslaer, W and Stoks, R and Duvivier, C},
journal = {Evolution},
mendeley-groups = {AquaticEctotherms},
title = {{Population dynamics determine genetic adaptation to temperature in Daphnia}},
url = {http://onlinelibrary.wiley.com/doi/10.1111/j.1558-5646.2009.00679.x/full},
volume = {63},
year = {2009}
}

@article {Drake2013,
	author = {Drake, John M.},
	title = {Early warning signals of stochastic switching},
	volume = {280},
	number = {1766},
	year = {2013},
	doi = {10.1098/rspb.2013.0686},
	isbn = {1471-2954},
	issn = {0962-8452},
	journal = {Proceedings of the Royal Society of London B: Biological Sciences},
	url = {http://rspb.royalsocietypublishing.org/content/280/1766/20130686.short}
}

@article{Drake2010,
author = {Drake, John M and Griffen, Blaine D},
doi = {10.1038/nature09389},
issn = {1476-4687},
journal = {Nature},
month = sep,
number = {7314},
pages = {456--459},
pmid = {20827269},
publisher = {Nature Publishing Group},
title = {{Early warning signals of extinction in deteriorating environments.}},
url = {http://www.ncbi.nlm.nih.gov/pubmed/20827269},
volume = {467},
year = {2010}
}

@article{easterling2000,
  title={Size-specific sensitivity: applying a new structured population model},
  author={Easterling, Michael R and Ellner, Stephen P and Dixon, Philip M},
  journal={Ecology},
  volume={81},
  number={3},
  pages={694--708},
  year={2000},
  publisher={Eco Soc America}
}

@article{Ellner2006,
author = {Ellner, Stephen P. and Rees, Mark},
doi = {10.1086/499438},
issn = {1537-5323},
journal = {American Naturalist},
month = mar,
number = {3},
pages = {410--428},
pmid = {16673349},
title = {{Integral projection models for species with complex demography.}},
url = {http://www.ncbi.nlm.nih.gov/pubmed/16673349},
volume = {167},
year = {2006}
}

@article{Ellner2011,
author = {Ellner, Stephen P. and Geber, Monica A. and Hairston, Nelson G.},
doi = {10.1111/j.1461-0248.2011.01616.x},
issn = {1461-0248},
journal = {Ecology Letters},
month = jun,
number = {6},
pages = {603--614},
pmid = {21518209},
title = {{Does rapid evolution matter? Measuring the rate of contemporary evolution and its impacts on ecological dynamics.}},
url = {http://www.ncbi.nlm.nih.gov/pubmed/21518209},
volume = {14},
year = {2011}
}

@article{Ellner2013,
author = {Ellner, Stephen P.},
doi = {10.1111/1365-2435.12174},
editor = {Fox, Charles},
issn = {02698463},
journal = {Functional Ecology},
month = oct,
number = {5},
pages = {1087--1099},
title = {{Rapid evolution: from genes to communities, and back again?}},
url = {http://doi.wiley.com/10.1111/1365-2435.12174},
volume = {27},
year = {2013}
}

@article{engen2011,
  title={Evolution of a plastic quantitative trait in an age-structured population in a fluctuating environment},
  author={Engen, Steinar and Lande, Russell and S{\ae}ther, Bernt-Erik},
  journal={Evolution},
  volume={65},
  number={10},
  pages={2893--2906},
  year={2011},
  publisher={Wiley Online Library}
}

@article{engen2014,
  title={Evolution in fluctuating environments: decomposing selection into additive components of the Robertson--Price equation},
  author={Engen, Steinar and S{\ae}ther, Bernt-Erik},
  journal={Evolution},
  volume={68},
  number={3},
  pages={854--865},
  year={2014},
  publisher={Wiley Online Library}
}

@article{engen2014b,
  title={Estimating phenotypic selection in age-structured populations by removing transient fluctuations},
  author={Engen, Steinar and Kvalnes, Thomas and S{\ae}ther, Bernt-Erik},
  journal={Evolution},
  volume={68},
  number={9},
  pages={2509--2523},
  year={2014},
  publisher={Wiley Online Library}
}

@article{Ezard2009,
author = {Ezard, Thomas H G and C\^{o}t\'{e}, Steeve D and Pelletier, Fanie},
doi = {10.1098/rstb.2009.0006},
issn = {1471-2970},
journal = {Philosophical transactions of the Royal Society of London. Series B, Biological sciences},
month = jun,
number = {1523},
pages = {1491--1498},
pmid = {19414464},
title = {{Eco-evolutionary dynamics: disentangling phenotypic, environmental and population fluctuations.}},
url = {http://www.pubmedcentral.nih.gov/articlerender.fcgi?artid=2690502\&tool=pmcentrez\&rendertype=abstract},
volume = {364},
year = {2009}
}


@article{Fox2000,
author = {Fox, GA and Gurevitch, Jessica},
journal = {American Naturalist},
number = {3},
pages = {242--256},
title = {{Population Numbers Count: Tools for Near-Term Demographic Analysis}},
url = {http://www.jstor.org/stable/10.1086/303387},
volume = {156},
year = {2000}
}

@article{Fox2002,
author = {Fox, Gordon A and Kendall, Bruce E},
journal = {Ecology},
number = {7},
pages = {1928--1934},
title = {{Demographic stochasiticy and the variance reduction effect}},
volume = {83},
year = {2002}
}

@article{Frank2012,
author = {Frank, S A},
doi = {10.1111/j.1420-9101.2012.02498.x},
issn = {1420-9101},
journal = {Journal of Evolutionary Biology},
month = jun,
number = {6},
pages = {1002--1019},
pmid = {22487312},
title = {{Natural selection. \textrm{IV}. The Price equation.}},
url = {http://www.pubmedcentral.nih.gov/articlerender.fcgi?artid=3354028\&tool=pmcentrez\&rendertype=abstract},
volume = {25},
year = {2012}
}

@article{Fussmann2007,
author = {Fussmann, G F and Loreau, M. and Abrams, P A},
doi = {10.1111/j.1365-2435.2007.01275.x},
issn = {0269-8463},
journal = {Functional Ecology},
month = jun,
number = {3},
pages = {465--477},
title = {{Eco-evolutionary dynamics of communities and ecosystems}},
url = {http://doi.wiley.com/10.1111/j.1365-2435.2007.01275.x},
volume = {21},
year = {2007}
}

@article{Garant2004,
  title={Evolution in a changing environment: a case study with great tit fledging mass},
  author={Garant, Dany and Kruuk, Loeske EB and McCleery, Robin H and Sheldon, Ben C},
  journal={American Naturalist},
  volume={164},
  number={5},
  pages={E115--E129},
  year={2004},
  publisher={JSTOR}
}

@article{Garant2008,
author = {Garant, Dany and Hadfield, Jarrod D. and Kruuk, Loeske E. B. and Sheldon, Ben C.},
doi = {10.1111/j.1365-294X.2007.03436.x},
issn = {09621083},
journal = {Molecular Ecology},
number = {1},
pages = {179--188},
title = {{Stability of genetic variance and covariance for reproductive characters in the face of climate change in a wild bird population}},
url = {http://doi.wiley.com/10.1111/j.1365-294X.2007.03436.x},
volume = {17},
year = {2008}
}


@article{Garcia-Carreras2011,
author = {Garc\'{\i}a-Carreras, Bernardo and Reuman, Daniel C},
doi = {10.1111/j.1365-2656.2011.01833.x},
issn = {1365-2656},
journal = {Journal of Animal Ecology},
month = sep,
number = {5},
pages = {1042--1048},
pmid = {21466552},
title = {{An empirical link between the spectral colour of climate and the spectral colour of field populations in the context of climate change.}},
url = {http://www.ncbi.nlm.nih.gov/pubmed/21466552},
volume = {80},
year = {2011}
}

@article{Gienapp2008,
author = {Gienapp, P and Teplitsky, C and Alho, J S and Mills, J A and Meril\"a, J},
file = {:C$\backslash$:/Users/Marjolein/AppData/Local/Mendeley Ltd./Mendeley Desktop/Downloaded/Gienapp, Teplitsky, Alho - 2008 - Climate change and evolution disentangling environmental and genetic responses.pdf:pdf},
journal = {Molecular Ecology},
volume = {17},
number = {1},
pages = {167--178},
title = {{Climate change and evolution: disentangling environmental and genetic responses}},
url = {http://onlinelibrary.wiley.com/doi/10.1111/j.1365-294X.2007.03413.x/full},
year = {2008}
}

@article{Hadfield2008,
author = {Hadfield, Jarrod D},
doi = {10.1098/rspb.2007.1013},
issn = {0962-8452},
journal = {Proceedings of the Royal Society of London B: Biological Sciences},
month = mar,
number = {1635},
pages = {723--734},
pmid = {18211873},
title = {{Estimating evolutionary parameters when viability selection is operating.}},
url = {http://www.pubmedcentral.nih.gov/articlerender.fcgi?artid=2596846\&tool=pmcentrez\&rendertype=abstract},
volume = {275},
year = {2008}
}

@Article{Hadfield2010,
   title = {MCMC Methods for Multi-Response Generalized Linear Mixed
     Models: The {MCMCglmm} {R} Package},
   author = {Jarrod D Hadfield},
   journal = {Journal of Statistical Software},
   year = {2010},
   volume = {33},
   number = {2},
   pages = {1--22},
   url = {http://www.jstatsoft.org/v33/i02/},
}

@article{Hadfield2010b,
author = {Hadfield, Jarrod D and Wilson, Alastair J and Garant, Dany and Sheldon, Ben C and Kruuk, Loeske E B},
doi = {10.1086/648604},
issn = {1537-5323},
journal = {American Naturalist},
month = jan,
number = {1},
pages = {116--125},
pmid = {19922262},
title = {{The misuse of BLUP in ecology and evolution.}},
volume = {175},
year = {2010}
}

@article{Hadfield2011,
author = {Hadfield, Jarrod D. and Wilson, Alastair J. and Kruuk, Loeske E. B.},
issn = {1943-2631},
journal = {Genetics},
month = {apr},
number = {4},
pages = {1099--113},
pmid = {21242534},
title = {{Cryptic evolution: does environmental deterioration have a genetic basis?}},
volume = {187},
year = {2011}
}

@article{Hairston2005,
author = {Hairston, Nelson G. and Ellner, Stephen P. and Geber, Monica A. and Yoshida, Takehito and Fox, Jennifer A.},
doi = {10.1111/j.1461-0248.2005.00812.x},
issn = {1461023X},
journal = {Ecology Letters},
month = oct,
number = {10},
pages = {1114--1127},
title = {{Rapid evolution and the convergence of ecological and evolutionary time}},
url = {http://doi.wiley.com/10.1111/j.1461-0248.2005.00812.x},
volume = {8},
year = {2005}
}

@article{Hastings1993,
author = {Hastings, Alan and Hom, Carole L. and Ellner, Stephen and Turchin, Peter and Godfray, H. Charles J.},
journal = {Annual Review of Ecology and Systematics},
keywords = {stability},
number = {},
pages = {1--33},
title = {{Chaos in ecology: is mother nature a strange attractor?}},
url = {http://www.jstor.org/stable/10.2307/2097171},
volume = {24},
year = {1993}
}

@article{Heywood2005,
author = {Heywood, J S},
journal = {Evolution},
number = {11},
pages = {2287--2298},
title = {{An exact form of the breeder's equation for the evolution of a quantitative trait under natural selection}},
url = {http://onlinelibrary.wiley.com/doi/10.1111/j.0014-3820.2005.tb00939.x/full},
volume = {59},
year = {2005}
}

@article{Henderson1950,
author = {Henderson, CR},
year = {1950},
title = {{Estimation of genetic parameters}},
journal = {Annals of mathematical statistics},
volume = {21},
number = {2},
pages = {309--310}
}

@article{Henderson1976,
author = {Henderson, CR},
year = {1976},
title = {{A simple method for computing the inverse of a numerator relationship matrix used in prediction of breeding values}},
journal = {Biometrics},
volume = {32},
number = {1},
pages = {69--83}
}

@book{henderson1984,
  title={{Applications of Linear Models in Animal Breeding}},
  author={Henderson, C R},
	publisher={University of Guelph Press},
	address={Guelph},
  year={1984}
}

@article{Holt2004,
author = {Holt, Robert D and Barfield, Michael and Gomulkiewicz, Richard},
journal = {American Naturalist},
keywords = {immigration,niche evolution,source-sink,temporal var-},
number = {2},
pages = {187--200},
title = {{Temporal variation can facilitate niche evolution in harsh sink environments}},
url = {http://www.jstor.org/stable/10.1086/422343},
volume = {164},
year = {2004}
}

@article{Horvitz2010,
author = {Horvitz, Carol and Coulson, Tim and Tuljapurkar, Shripad and Schemske, Douglas W},
file = {:home/koen/.local/share/data/Mendeley Ltd./Mendeley Desktop/Downloaded/Horvitz et al. - 2010 - A new way to integrate selection when both demography and selection gradients vary over time.pdf:pdf},
journal = {International Journal of Plant Sciences},
number = {9},
pages = {945--959},
title = {{A new way to integrate selection when both demography and selection gradients vary over time}},
url = {http://www.jstor.org/stable/10.1086/657141},
volume = {171},
year = {2010}
}

@article{Ives2012,
author = {Ives, A R and Dakos, V},
journal = {Ecosphere},
number = {6},
title = {{Detecting dynamical changes in nonlinear time series using locally linear state-space models}},
url = {http://www.esajournals.org/doi/abs/10.1890/ES11-00347.1},
volume = {3},
year = {2012}
}
@article{Jones2003,
author = {Jones, Adam G and Arnold, Stevan J and B{\"{u}}rger, Reinhard},
doi = {10.1111/j.0014-3820.2003.tb00583.x},
isbn = {0014-3820},
issn = {0014-3820},
journal = {Evolution},
number = {8},
pages = {1747--1760},
pmid = {14503617},
title = {{Stability of the G-matrix in a population experiencing pleiotropic mutation, stabilizing selection, and genetic drift.}},
volume = {57},
year = {2003}
}

@article{Jones2004,
author = {Jones, Adam G and Arnold, Stevan J and B{\"{u}}rger, Reinhard},
doi = {10.1554/03-651},
isbn = {0014-3820},
issn = {0014-3820},
journal = {Evolution},
number = {8},
pages = {1639--1654},
pmid = {15446419},
title = {{Evolution and stability of the g-matrix on a landscape with a moving optimum}},
volume = {58},
year = {2004}
}

@article{Jones2012,
author = {Jones, Emily I. and Gomulkiewicz, Richard},
doi = {10.1086/663678},
issn = {1537-5323},
journal = {American Naturalist},
month = feb,
number = {2},
pages = {E28--E36},
pmid = {22218318},
title = {{Biotic interactions, rapid evolution, and the establishment of introduced species}},
url = {http://www.ncbi.nlm.nih.gov/pubmed/22218318},
volume = {179},
year = {2012}
}

@article{Kerr2009,
author = {Kerr, Benjamin and Godfrey-Smith, P},
doi = {10.1111/j.l558-5646.2008.00570.x},
journal = {Evolution},
number = {2},
pages = {531--536},
title = {{Generalization of the Price equation for evolutionary change}},
url = {http://onlinelibrary.wiley.com/doi/10.1111/j.1558-5646.2008.00570.x/full},
volume = {63},
year = {2009}
}

@article{Kirkpatrick1992,
author = {Kirkpatrick, Mark and Lofsvold, David},
journal = {Evolution},
number = {4},
pages = {954--971},
title = {{Measuring selection and constraint in the evolution of growth}},
url = {http://www.jstor.org/stable/10.2307/2409749},
volume = {46},
year = {1992}
}

@article{Kleinen2003,
author = {Kleinen, Thomas and Held, Hermann and Petschel-Held, Gerhard},
doi = {10.1007/s10236-002-0023-6},
issn = {1616-7341},
journal = {Ocean Dynamics},
month = jun,
number = {2},
pages = {53--63},
title = {{The potential role of spectral properties in detecting thresholds in the Earth system: application to the thermohaline circulation}},
url = {http://link.springer.com/10.1007/s10236-002-0023-6},
volume = {53},
year = {2003}
}

@article{Konukoglu2013,
author = {Konukoglu, Ender and Glocker, Ben and Zikic, Darko and Criminisi, Antonio},
file = {:home/koen/.local/share/data/Mendeley Ltd./Mendeley Desktop/Downloaded/Konukoglu et al. - 2013 - Neighbourhood Approximation using Randomized Forests.pdf:pdf},
journal = {Medical Image Analysis},
keywords = {approximate nearest neighbours,patch-based segmentation, random decision forests},
title = {{Neighbourhood Approximation using Randomized Forests}},
url = {http://www.sciencedirect.com/science/article/pii/S1361841513000662},
volume = {17},
number = {7},
pages = {75--82},
year = {2013}
}


@article{Kou2003,
author = {Kou, S G and Wang, H},
file = {:home/koen/.local/share/data/Mendeley Ltd./Mendeley Desktop/Downloaded/Kou, Wang - 2003 - First passage times of a jump diffusion process.pdf:pdf},
journal = {Advances in Applied Probability},
number = {2},
pages = {504--531},
title = {{First passage times of a jump diffusion process}},
url = {http://www.jstor.org/stable/10.2307/1428433},
volume = {35},
year = {2003}
}

@article{Kruuk2004,
author = {Kruuk, L E B},
file = {:home/marjob/.local/share/data/Mendeley Ltd./Mendeley Desktop/Downloaded/Kruuk - 2004 - Estimating genetic parameters in natural populations using the 'animal model'.pdf:pdf},
journal = {Philosophical Transactions of the Royal Society of London B: Biological Sciences},
mendeley-groups = {AquaticEctotherms,DecomposingDynamics},
title = {{Estimating genetic parameters in natural populations using the 'animal model'}},
url = {http://rstb.royalsocietypublishing.org/content/359/1446/873.short},
volume = {359},
number = {1446},
pages = {873--890},
year = {2004}
}

@article{Lande1979,
  title={Quantitative genetic analysis of multivariate evolution, applied to brain: body size allometry},
  author={Lande, Russell},
  journal={Evolution},
  pages={402--416},
  year={1979},
  publisher={JSTOR}
}


@article{Lande1983,
author = {Lande, R and Arnold, S J},
title = {{The measurement of selection on correlated characters}},
journal ={Evolution},
volume = {37},
number ={6},
pages = {1210--1226},
year = {1983}
}
@article{Lavergne2010,
author = {Lavergne, S and Mouquet, N and Thuiller, W and Ronce, O},
file = {:home/marjob/.local/share/data/Mendeley Ltd./Mendeley Desktop/Downloaded/Lavergne, Mouquet - 2010 - Biodiversity and climate change integrating evolutionary and ecological responses of species and communiti(2).pdf:pdf},
journal = {Annual Review of Ecology, Evolution, and Systematics},
mendeley-groups = {AquaticEctotherms},
title = {{Biodiversity and climate change: integrating evolutionary and ecological responses of species and communities}},
url = {http://www.annualreviews.org/doi/pdf/10.1146/annurev-ecolsys-102209-144628},
volume = {41},
pages = {321--350},
year = {2010}
}

@book{Lynch1998,
    author = {Lynch, Michael and Walsh, Bruce},
    howpublished = {Hardcover},
    publisher = {Sinauer Associates},
    title = {{Genetics and Analysis of Quantitative Traits}},
    year = {1998}
}

@book{Lynch2014,
author = {Lynch, Michael and Walsh, Bruce},
title = {{Evolution and Selection of Quantitative Traits}},
note = {online version 30 December 2014},
publisher = {Sinauer},
address = {Sunderland, Massachusetts, USA},
year = {2014}
}

@article{Mcglothlin2014,
author = {McGlothlin, Joel W. and Galloway, Laura F.},
doi = {10.1111/evo.12235},
issn = {15585646},
journal = {Evolution},
number = {2},
pages = {549--558},
pmid = {24099096},
title = {{The contribution of maternal effects to selection response: An empirical test of competing models}},
volume = {68},
year = {2014}
}

@article{Meinshausen2010,
author = {Meinshausen, Nicolai and B\"{u}hlmann, P},
file = {:home/koen/.local/share/data/Mendeley Ltd./Mendeley Desktop/Downloaded/Meinshausen, B\"{u}hlmann - 2010 - Stability selection.pdf:pdf},
journal = {Journal of the Royal Statistical Society: Series B (Statistical Methodology)},
pages = {417--473},
title = {{Stability selection}},
url = {http://onlinelibrary.wiley.com/doi/10.1111/j.1467-9868.2010.00740.x/full},
volume = {72},
number = {4},
year = {2010}
}

@article{Merila2001,
author = {Meril\"{a}, J and Sheldon, B C and Kruuk, L E B},
journal = {Genetica},
pages = {199--222},
title = {{Explaining stasis: microevolutionary studies in natural populations}},
volume = {112},
year = {2001}
}

@article{merila2014,
  title={Climate change, adaptation, and phenotypic plasticity: the problem and the evidence},
  author={Meril{\"a}, Juha and Hendry, Andrew P},
  journal={Evolutionary Applications},
  volume={7},
  number={1},
  pages={1--14},
  year={2014},
  publisher={Wiley Online Library}
}

@article{merow2014,
  title={Advancing population ecology with integral projection models: a practical guide},
  author={Merow, Cory and Dahlgren, Johan P and Metcalf, C Jessica E and Childs, Dylan Z and Evans, Margaret EK and Jongejans, Eelke and Record, Sydne and Rees, Mark and Salguero-G{\'o}mez, Roberto and McMahon, Sean M},
  journal={Methods in Ecology and Evolution},
  volume={5},
  number={2},
  pages={99--110},
  year={2014},
  publisher={Wiley Online Library}
}

@article{metcalf2008evolution,
  title={Evolution of flowering decisions in a stochastic, density-dependent environment},
  author={Metcalf, C J E and Rose, K E and Childs, D Z and Sheppard, A W and Grubb, P J and Rees, M},
  journal={Proceedings of the National Academy of Sciences},
  volume={105},
  number={30},
  pages={10466--10470},
  year={2008},
  publisher={National Acad Sciences}
}


@article{metcalf2013,
  title={IPMpack: an R package for integral projection models},
  author={Metcalf, C Jessica E and McMahon, Sean M and Salguero-G{\'o}mez, Roberto and Jongejans, Eelke},
  journal={Methods in Ecology and Evolution},
  volume={4},
  number={2},
  pages={195--200},
  year={2013},
  publisher={Wiley Online Library}
}


@article{Morrissey2010,
author = {Morrissey, M B and Kruuk, L E B and Wilson, A J},
doi = {10.1111/j.1420-9101.2010.02084.x},
issn = {1420-9101},
journal = {Journal of Evolutionary Biology},
month = nov,
number = {11},
pages = {2277--2288},
pmid = {20831731},
title = {{The danger of applying the breeder's equation in observational studies of natural populations.}},
url = {http://www.ncbi.nlm.nih.gov/pubmed/20831731},
volume = {23},
year = {2010}
}

@article{Morrissey2012,
author = {Morrissey, Michael B and Parker, Darren J and Korsten, Peter and Pemberton, Josephine M and Kruuk, Loeske E B and Wilson, Alastair J},
journal = {Evolution},
number = {8},
pages = {2399--2410},
title = {{The prediction of adaptive evolution: empirical application of the secondary theorem of selection and comparison to the breeder's equation}},
volume = {66},
year = {2012}
}

@article{Morrissey2012b,
author = {Morrissey, Michael B. and Walling, Craig A. and Wilson, Alastair J. and Pemberton, Josephine M. and Clutton-Brock, Tim H. and Kruuk, Loeske E. B.},
journal = {The American Naturalist},
mendeley-groups = {DecomposingDynamics},
title = {{Genetic analysis of life-history constraint and evolution in a wild ungulate population}},
pages = {E97--E114},
volume = {179},
number = {4},
year = {2012}
}

@article{Morrissey2012c,
author = {Morrissey, Michael B and Hadfield, Jarrod D},
doi = {10.1111/j.1558-5646.2011.01444.x},
issn = {1558-5646},
journal = {Evolution},
month = feb,
number = {2},
pages = {435--442},
pmid = {22276539},
title = {{Directional selection in temporally replicated studies is remarkably consistent.}},
volume = {66},
year = {2012}
}

@article{Morrissey2014,
  title={Selection and Evolution of Causally Covarying Traits},
  author={Morrissey, Michael B},
  journal={Evolution},
  volume={68},
  number={6},
  pages={1748--1761},
  year={2014},
  publisher={Wiley Online Library}
}
@article{Norrdahl2002,
author = {Norrdahl, Kai and Korpima, Erkki},
journal = {Oikos},
pages = {331--345},
title = {{Changes in population structure and reproduction during a 3-yr population cycle of voles}},
volume = {96},
number = {2},
year = {2002}
}

@article{Ozgul2010,
author = {Ozgul, Arpat and Childs, Dylan Z and Oli, Madan K and Armitage, Kenneth B and Blumstein, Daniel T and Olson, Lucretia E and Tuljapurkar, Shripad and Coulson, Tim},
doi = {10.1038/nature09210},
issn = {0028-0836},
journal = {Nature},
number = {7305},
pages = {482--485},
publisher = {Nature Publishing Group},
title = {{Coupled dynamics of body mass and population growth in response to environmental change}},
url = {http://dx.doi.org/10.1038/nature09210 http://www.nature.com/nature/journal/v466/n7305/abs/nature09210.html},
volume = {466},
year = {2010}
}

@article{Ozgul2012,
author = {Ozgul, Arpat and Coulson, Tim and Reynolds, Alan and Cameron, Tom C and Benton, Tim G},
doi = {10.1086/664999},
issn = {1537-5323},
journal = {American Naturalist},
month = may,
number = {5},
pages = {582--594},
pmid = {22504541},
title = {{Population responses to perturbations: the importance of trait-based analysis illustrated through a microcosm experiment.}},
url = {http://www.ncbi.nlm.nih.gov/pubmed/22504541},
volume = {179},
year = {2012}
}

@article{Ozgul2004,
author = {Ozgul, Arpat and Getz, Lowell L. and Oli, Madan K.},
doi = {10.1111/j.0021-8790.2004.00797.x},
file = {:home/koen/.local/share/data/Mendeley Ltd./Mendeley Desktop/Downloaded/Ozgul, Getz, Oli - 2004 - Demography of fluctuating populations temporal and phase-related changes in vital rates of Microtus ochrogaste.pdf:pdf},
issn = {0021-8790},
journal = {Journal of Animal Ecology},
month = mar,
number = {2},
pages = {201--215},
title = {{Demography of fluctuating populations: temporal and phase-related changes in vital rates of \emph{Microtus ochrogaster}}},
url = {http://doi.wiley.com/10.1111/j.0021-8790.2004.00797.x},
volume = {73},
year = {2004}
}

@article{Ozgul2009,
author = {Ozgul, Arpat and Tuljapurkar, Shripad and Benton, Tim G and Pemberton, Josephine M and Clutton-Brock, Tim H and Coulson, Tim},
doi = {10.1126/science.1173668},
issn = {1095-9203},
journal = {Science},
month = jul,
number = {5939},
pages = {464--467},
pmid = {19574350},
title = {{The dynamics of phenotypic change and the shrinking sheep of St. Kilda.}},
url = {http://www.ncbi.nlm.nih.gov/pubmed/19574350},
volume = {325},
year = {2009}
}

@article{parmesan2006,
  title={Ecological and evolutionary responses to recent climate change},
  author={Parmesan, Camille},
  journal={Annual Review of Ecology, Evolution, and Systematics},
  pages={637--669},
  year={2006},
  publisher={JSTOR}
}

@article{Pelletier2007,
author = {Pelletier, Fanie and Clutton-Brock, Tim and Pemberton, Josephine and Tuljapurkar, Shripad and Coulson, Tim}, 
title = {The evolutionary demography of ecological change: linking trait variation and population growth},
volume = {315}, 
number = {5818}, 
pages = {1571-1574}, 
year = {2007}, 
doi = {10.1126/science.1139024}, 
URL = {http://www.sciencemag.org/content/315/5818/1571.abstract}, 
journal = {Science} 
}

@article{Pelletier2009,
author = {Pelletier, F. and Garant, D. and Hendry, A.P.},
journal = {Philosophical Transactions of the Royal Society B: Biological Sciences},
mendeley-groups = {AquaticEctotherms},
title = {{Eco-evolutionary dynamics}},
url = {http://rstb.royalsocietypublishing.org/content/364/1523/1483.short},
volume = {364},
number = {1523},
pages = {1483--1489},
year = {2009}
}

@article{Pelletier2012,
author = {Pelletier, Fanie and Moyes, Kelly and Clutton-Brock, Tim H and Coulson, Tim},
doi = {10.1098/rspb.2011.0827},
issn = {1471-2954},
journal = {Proceedings of the Royal Society of London B: Biological Sciences},
keywords = {Age Distribution,Animals,Climate,Deer,Deer: physiology,Environment,Phenotype,Population Density,Population Dynamics,Population Growth,Sex Ratio},
number = {1727},
pages = {394--401},
pmid = {21715404},
title = {{Decomposing variation in population growth into contributions from environment and phenotypes in an age-structured population.}},
url = {http://www.pubmedcentral.nih.gov/articlerender.fcgi?artid=3223678\&tool=pmcentrez\&rendertype=abstract},
volume = {279},
year = {2012}
}

@article{Peng1994,
author = {Peng, CK and Buldyrev, SV and Havlin, S},
file = {:home/koen/.local/share/data/Mendeley Ltd./Mendeley Desktop/Downloaded/Peng, Buldyrev, Havlin - 1994 - Mosaic organization of DNA nucleotides.pdf:pdf},
journal = {Physical Review E},
number = {2},
pages = {1685--1689},
title = {{Mosaic organization of DNA nucleotides}},
url = {http://pre.aps.org/abstract/PRE/v49/i2/p1685\_1},
volume = {49},
year = {1994}
}

@article{Postma2006,
author = {Postma, E},
doi = {10.1111/j.1420-9101.2005.01007.x},
journal = {Journal of Evolutionary Biology},
pages = {309--320},
title = {{Implications of the difference between true and predicted breeding values for the study of natural selection and micro-evolution}},
volume = {19},
year = {2006}
}

@incollection{Postma2014,
author= {Postma, Erik},
title={{Four decades of estimating heritabilities in wild vertebrate populations: improved methods, more data better estimates?}},
editor={Charmentier, Anne and Garant, Dany and  Kruuk, Loeske E. B.},
booktitle={Quantitative Genetics in the Wild},
publisher={Oxford University Press},
address={Oxford},
year= 2014
}

@article{Post2009,
author = {Post, David M. and Palkovacs, Eric P.},
journal = {Philosophical Transactions of the Royal Society B: Biological Sciences},
mendeley-groups = {AquaticEctotherms},
title = {{Eco-evolutionary feedbacks in community and ecosystem ecology: interactions between the ecological theatre and the evolutionary play}},
url = {http://rstb.royalsocietypublishing.org/content/364/1523/1629.short},
volume = {364},
number = {1523},
pages = {1629--1640},
year = {2009}
}

@article{Price1970,
  title={Selection and covariance.},
  author={Price, George R},
  journal={Nature},
  volume={227},
  pages={520--521},
  year={1970},
  publisher={London}
}

@article{Price1972,
author = {Price, GR},
title = {Extension of covariance selection mathematics},
journal = {Annals of Human Genetics},
volume = {35},
pages = {485--490},
year= {1972}
}

@article{Rausher1992,
author = {Rausher, Mark D.},
journal = {Evolution},
number = {3},
pages = {616--626},
title = {{The measurement of selection on quantitative traits: biases due to environmental covariances between traits and fitness}},
volume = {46},
year = {1992}
}

@article{Reale2003,
author = {R\'{e}ale, Denis and McAdam, Andrew G. and Boutin, Stan and Berteaux, Dominique},
journal = {Proceedings of the Royal Society of London B: Biological Sciences},
title = {{Genetic and plastic responses of a northern mammal to climate change}},
volume = {270},
number = {1515},
pages = {591--596},
doi = {10.1098/rspb.2002.2224},
year = {2003}
}

@article{rees2009,
  title={Integral projection models for populations in temporally varying environments},
  author={Rees, Mark and Ellner, Stephen P},
  journal={Ecological Monographs},
  volume={79},
  number={4},
  pages={575--594},
  year={2009},
  publisher={Eco Soc America}
}

@article{rebke2012,
  title={From the Price equation to a decomposition of population change},
  author={Rebke, Maren},
  journal={Journal of Ornithology},
  volume={152},
  number={2},
  pages={555--559},
  year={2012},
  publisher={Springer}
}

@article{Rebke2010,
author = {Rebke, Maren and Coulson, Tim and Becker, Peter H. and Vaupel, James W.}, 
title = {Reproductive improvement and senescence in a long-lived bird},
volume = {107}, 
number = {17}, 
pages = {7841-7846}, 
year = {2010}, 
doi = {10.1073/pnas.1002645107}, 
URL = {http://www.pnas.org/content/107/17/7841.abstract}, 
eprint = {http://www.pnas.org/content/107/17/7841.full.pdf}, 
journal = {Proceedings of the National Academy of Sciences of the USA} 
}

@article{Robertson1966,
author = {Robertson, A},
title = {{A mathematical model of the culling process in dairy cattle.}},
journal = {Animal Production},
volume = {8},
pages = {95--108},
year={1966}
}

@article{Roff2000,
author = {Roff, Derek},
doi = {10.1046/j.1365-2540.2000.00695.x},
isbn = {0018-067X},
issn = {0018067X},
journal = {Heredity},
number = {2},
pages = {135--142},
pmid = {10762382},
title = {{The evolution of the G matrix: Selection or drift?}},
volume = {84},
year = {2000}
}


@article{Roff2007,
author = {Roff, Derek a.},
doi = {10.1111/j.1558-5646.2007.00100.x},
isbn = {00143820},
issn = {00143820},
journal = {Evolution},
keywords = {Breeder's equation,G matrix,Microarrays,QTL analysis,Quantitative genetics},
number = {5},
pages = {1017--1032},
pmid = {17492957},
title = {{A centennial celebration for quantitative genetics}},
volume = {61},
year = {2007}
}

@article{salguero2010,
  title={Matrix projection models meet variation in the real world},
  author={Salguero-G{\'o}mez, Roberto and De Kroon, Hans},
  journal={Journal of Ecology},
  volume={98},
  number={2},
  pages={250--254},
  year={2010},
  publisher={Wiley Online Library}
}

@article{Scheffer2009,
author = {Scheffer, Marten and Bascompte, Jordi and Brock, William a and Brovkin, Victor and Carpenter, Stephen R and Dakos, Vasilis and Held, Hermann and van Nes, Egbert H and Rietkerk, Max and Sugihara, George},
doi = {10.1038/nature08227},
file = {:home/koen/.local/share/data/Mendeley Ltd./Mendeley Desktop/Downloaded/Scheffer et al. - 2009 - Early-warning signals for critical transitions.pdf:pdf},
issn = {1476-4687},
journal = {Nature},
keywords = {Animals,Asthma,Asthma: physiopathology,Climate,Ecosystem,Eutrophication,Extinction, Biological,Humans,Models, Biological,Models, Economic,Seizures,Seizures: physiopathology,Stochastic Processes},
month = sep,
number = {7260},
pages = {53--59},
pmid = {19727193},
title = {{Early-warning signals for critical transitions.}},
url = {http://www.ncbi.nlm.nih.gov/pubmed/19727193},
volume = {461},
year = {2009}
}

@article{Scheffer2012,
author = {Scheffer, Marten and Carpenter, Stephen R and Lenton, Timothy M and Bascompte, Jordi and Brock, William a and Dakos, Vasilis and van de Koppel, Johan and van de Leemput, Ingrid a and Levin, Simon a and van Nes, Egbert H and Pascual, Mercedes and Vandermeer, John},
doi = {10.1126/science.1225244},
file = {:home/koen/.local/share/data/Mendeley Ltd./Mendeley Desktop/Downloaded/Scheffer et al. - 2012 - Anticipating critical transitions.pdf:pdf},
issn = {1095-9203},
journal = {Science (New York, N.Y.)},
keywords = {Animals,Forecasting,Humans,Risk Assessment,Risk Assessment: statistics \& numerical data},
month = oct,
number = {6105},
pages = {344--348},
pmid = {23087241},
title = {{Anticipating critical transitions.}},
url = {http://www.ncbi.nlm.nih.gov/pubmed/23087241},
volume = {338},
year = {2012}
}

@article{Schoener2011,
author = {Schoener, Thomas W.}, 
title = {{The newest synthesis: understanding the interplay of evolutionary and ecological dynamics}},
volume = {331}, 
number = {6016}, 
pages = {426-429}, 
year = {2011}, 
doi = {10.1126/science.1193954}, 
URL = {http://www.sciencemag.org/content/331/6016/426.abstract}, 
journal = {Science} 
}

@article{Smallegange2013,
author = {Smallegange, Isabel M and Coulson, Tim},
doi = {10.1016/j.tree.2012.07.021},
issn = {0169-5347},
journal = {Trends in Ecology and Evolution},
month = mar,
number = {3},
pages = {143--148},
pmid = {22944192},
publisher = {Elsevier Ltd},
title = {{Towards a general, population-level understanding of eco-evolutionary change.}},
url = {http://www.ncbi.nlm.nih.gov/pubmed/22944192},
volume = {28},
year = {2013}
}

@article{speakman2008,
  title={The physiological costs of reproduction in small mammals},
  author={Speakman, John R},
  journal={Philosophical Transactions of the Royal Society of London B: Biological Sciences},
  volume={363},
  number={1490},
  pages={375--398},
  year={2008},
  publisher={The Royal Society}
}

@article{Stinchcombe2014,
author = {Stinchcombe, John R and Simonsen, Anna K and Blows, Mark W},
doi = {10.1111/evo.12321},
issn = {1558-5646},
journal = {Evolution},
month = apr,
number = {4},
pages = {1188--1196},
pmid = {24274331},
title = {{Estimating uncertainty in multivariate responses to selection}},
volume = {68},
year = {2014}
}

@incollection{Teplitski2014,
author= {Teplistki, C\'eline and Robinson, Matthew R. and Meril\"a, Juha},
title={{Evolutionary potential and constraints in wild populations}},
editor={Charmentier, Anne and Garant, Dany and  Kruuk, Loeske E. B.},
booktitle={Quantitative genetics in the wild},
publisher={Oxford University Press},
address={Oxford},
year= 2014
}

@article{traill2014demography,
  title={Demography, not inheritance, drives phenotypic change in hunted bighorn sheep},
  author={Traill, Lochran W and Schindler, Susanne and Coulson, Tim},
  journal={Proceedings of the National Academy of Sciences, USA},
  volume={111},
  number={36},
  pages={13223--13228},
  year={2014},
  publisher={National Acad Sciences}
}

@article{tuljapurkar2003,
  title={The many growth rates and elasticities of populations in random environments},
  author={Tuljapurkar, Shripad and Horvitz, Carol C and Pascarella, John B},
  journal={American Naturalist},
  volume={162},
  number={4},
  pages={489--502},
  year={2003},
  publisher={JSTOR}
}


@article{Turcotte2013,
author = {Turcotte, Martin M. and Reznick,, David N. and Hare, J. Daniel},
doi = {10.1086/668078},
issn = {1537-5323},
journal = {American Naturalist},
keywords = {clonal selection,community genetics,density-dependent selection,eco-evolutionary dynamic cycle,experimental evolution,rapid evolution},
language = {en},
mendeley-groups = {AquaticEctotherms},
month = may,
pages = {S46--57},
pmid = {23598359},
publisher = {University of Chicago PressChicago, IL},
title = {{Experimental test of an eco-evolutionary dynamic feedback loop between evolution and population density in the green peach aphid.}},
url = {http://www.jstor.org/stable/10.1086/668078},
volume = {181},
number = {S1},
year = {2013}
}

@article{vindenes2011,
  title={Integral projection models for finite populations in a stochastic environment},
  author={Vindenes, Yngvild and Engen, Steinar and S{\ae}ther, Bernt-Erik},
  journal={Ecology},
  volume={92},
  number={5},
  pages={1146--1156},
  year={2011},
  publisher={Eco Soc America}
}

@article{vindenes2015,
  title={Individual heterogeneity in life histories and eco-evolutionary dynamics},
  author={Vindenes, Yngvild and Langangen, {\O}ystein},
  journal={Ecology Letters},
  volume={18},
  number={5},
  pages={417--432},
  year={2015},
  publisher={Wiley Online Library}
}

@article{walther2002,
  title={Ecological responses to recent climate change},
  author={Walther, Gian-Reto and Post, Eric and Convey, Peter and Menzel, Annette and Parmesan, Camille and Beebee, Trevor JC and Fromentin, Jean-Marc and Hoegh-Guldberg, Ove and Bairlein, Franz},
  journal={Nature},
  volume={416},
  number={6879},
  pages={389--395},
  year={2002},
  publisher={Nature Publishing Group}
}


@article{Webb2003,
author = {Webb, Colleen},
doi = {10.1086/345858},
file = {:home/koen/.local/share/data/Mendeley Ltd./Mendeley Desktop/Downloaded/Webb - 2003 - A complete classification of Darwinian extinction in ecological interactions.pdf:pdf},
issn = {0003-0147},
journal = {American Naturalist},
keywords = {Animals,Biological Evolution,Ecology,Ecosystem,Mathematics,Models, Biological,Population Dynamics,Selection, Genetic,Time Factors},
month = feb,
number = {2},
pages = {181--205},
pmid = {12675367},
title = {{A complete classification of Darwinian extinction in ecological interactions.}},
url = {http://www.ncbi.nlm.nih.gov/pubmed/12675367},
volume = {161},
year = {2003}
}

@article{wilson2008,
  title={Why $h^2$ does not always equal $\text{V}_\text{A}/\text{V}_\text{P}$?},
  author={Wilson, AJ},
  journal={Journal of evolutionary biology},
  volume={21},
  number={3},
  pages={647--650},
  year={2008},
  publisher={Wiley Online Library}
}

@article{Wilson2009,
author = {Wilson, Alastair J and R\'{e}ale, Denis and Clements, Michelle N and Morrissey, Michael M and Postma, Erik and Walling, Craig A and Kruuk, Loeske E B and Nussey, Daniel H},
journal = {Journal of Animal Ecology},
title = {{An ecologist's guide to the animal model}},
url = {http://onlinelibrary.wiley.com/doi/10.1111/j.1365-2656.2009.01639.x/full},
volume = {79},
number = {1},
pages = {13--26},
year = {2009}
}

@article{Zipkin2013,
author = {Zipkin, EF and Thorson, JT and See, K and Lynch, HJ},
file = {:home/koen/.local/share/data/Mendeley Ltd./Mendeley Desktop/Downloaded/Zipkin et al. - 2013 - Modeling structured population dynamics using data from unmarked individuals.pdf:pdf},
journal = {Ecology},
keywords = {der,desmognathus fuscus,detection probability,n-mixture model,northern dusky salaman-,stage-structured models,state-space models},
number = {1},
pages = {22--29},
title = {{Modeling structured population dynamics using data from unmarked individuals}},
url = {http://www.esajournals.org/doi/abs/10.1890/13-1131.1},
volume = {95},
year = {2013}
}