@article {Adler2010,
author = {Adler, Peter B. and Ellner, Stephen P. and Levine, Jonathan M.},
title = {Coexistence of perennial plants: an embarrassment of niches},
journal = {Ecology Letters},
volume = {13},
number = {8},
publisher = {Blackwell Publishing Ltd},
issn = {1461-0248},
doi = {10.1111/j.1461-0248.2010.01496.x},
pages = {1019--1029},
keywords = {Community ecology, competition, demography, extinction, individual-based model, integral projection model, niche, population dynamics},
year = {2010},
}

@article{Agrawal2009,
author = {Agrawal, Aneil F and Stinchcombe, John R},
doi = {10.1098/rspb.2008.1671},
journal = {Proceedings of the Royal Society of London B: Biological Sciences},
number = {1659},
pages = {1183--91},
pmid = {19129097},
title = {{How much do genetic covariances alter the rate of adaptation?}},
volume = {276},
year = {2009}
}

@article{Akc2016,
author = {Ak{\c{c}}ay, Erol and {Van Cleve}, Jeremy},
doi = {10.1098/rstb.2015.0085},
issn = {0962-8436},
journal = {Philosophical Transactions of the Royal Society B: Biological Sciences},
month = {feb},
number = {1687},
pages = {20150085},
title = {{There is no fitness but fitness, and the lineage is its bearer}},
volume = {371},
year = {2016}
}

@article{Albert1984,
author = {Albert, A and Anderson, J.A.},
doi = {10.1093/biomet/71.1.1},
journal = {Biometrika},
number = {1},
pages = {1--10},
title = {{On the existence of maximum likelihood estimates in logistic regression models}},
volume = {71},
year = {1984}
}

@article{Alroy1998,
author = {Alroy, John},
journal = {Science},
number = {5364},
pages = {731--734},
title = {{Cope's Rule and the Dynamics of Body Mass Evolution in North American Fossil Mammals}},
volume = {280},
year = {1998}
}

@article{Altermatt2016,
author = {Altermatt, Florian and Ebert, Dieter and Altermatt, Florian},
doi = {10.1098/rsbl.2016.0111},
isbn = {0000000248},
issn = {1744-9561},
journal = {Biology Letters},
keywords = {behaviour,ecology,environmental science,evolution},
pages = {201160111},
pmid = {27072407},
title = {{Reduced flight-to-light behaviour of moth populations exposed to long-term urban light pollution}},
volume = {12},
year = {2016}
}

@article{Arnold1984,
author = {Arnold, Stevan J. and Wade, Michael J.},
journal = {Evolution},
number = {4},
pages = {709--719},
title = {{On the measurement of natural and sexual selection: Theory}},
volume = {38},
year = {1984}
}


@article{Arnold2008,
author = {Arnold, Stevan J. and B{\"{u}}rger, Reinhard and Hohenlohe, Paul A. and Ajie, Beverley C. and Jones, Adam G.},
doi = {10.1111/j.1558-5646.2008.00472.x},
issn = {00143820},
journal = {Evolution},
number = {10},
pages = {2451--2461},
title = {{Understanding the evolution and stability of the G-matrix}},
volume = {62},
year = {2008}
}

@article{Ariew2004,
author = {Ariew, Andr\'{e} and Lewontin, R C},
journal = {British Journal of Philosophical Science},
pages = {347--363},
title = {{The Confusions of Fitness}},
volume = {55},
year = {2004}
}

@article{Atkins2013,
author = {Atkins, David C and Baldwin, Scott A and Zheng, Cheng and Gallop, Robert J and Neighbors, Clayton},
doi = {10.1037/a0029508},
journal = {Psychology of Addictive Behaviors},
number = {1},
pages = {166--77},
pmid = {22905895},
title = {{A tutorial on count regression and zero-altered count models for longitudinal substance use data.}},
volume = {27},
year = {2013}
}

@article{Baker2015,
author = {Baker, Joanna and Meade, Andrew and Pagel, Mark and Venditti, Chris},
issn = {0027-8424},
journal = {Proceedings of the National Academy of Sciences, USA},
number = {16},
pages = {5093--5098},
title = {{Adaptive evolution toward larger size in mammals}},
volume = {112},
year = {2015}
}

@article{Barfield2011,
author = {Barfield, Michael and Holt, Robert D and Gomulkiewicz, Richard},
doi = {10.1086/658903},
issn = {1537-5323},
journal = {The American Naturalist},
month = apr,
number = {4},
pages = {397--409},
pmid = {21460563},
title = {{Evolution in stage-structured populations.}},
volume = {177},
year = {2011} 
}

@article{Barnett2010,
author = {Barnett, Adrian G. and Koper, Nicola and Dobson, Annette J. and Schmiegelow, Fiona and Manseau, Micheline},
doi = {10.1111/j.2041-210X.2009.00009.x},
journal = {Methods in Ecology and Evolution},
month = mar,
number = {1},
pages = {15--24},
title = {{Using information criteria to select the correct variance-covariance structure for longitudinal data in ecology}},
volume = {1},
year = {2010}
}

 @article{Bates2014a,
    title = {Fitting Linear Mixed-Effects Models Using {lme4}},
    author = {Douglas Bates and Martin M{\"a}chler and Ben Bolker and
      Steve Walker},
    journal = {Journal of Statistical Software},
    year = {2015},
    volume = {67},
    number = {1},
    pages = {1--48},
    doi = {10.18637/jss.v067.i01},
  }

@incollection{Beatty2010,
author = {Beatty, John},
title = {{Reconsidering the importance of chance variation}},
year = {2010},
booktitle = {{Evoution. The extended synthesis}},
editor = {Pigliucci, Massimo and M\"uller, Greb B},
publisher = {The MIT press, Cambridge, Massachusetts, USA}
}
	
@article {Becks2012,
author = {Becks, Lutz and Ellner, Stephen P. and Jones, Laura E. and Hairston, Nelson G.},
title = {The functional genomics of an eco-evolutionary feedback loop: linking gene expression, trait evolution, and community dynamics},
journal = {Ecology Letters},
volume = {15},
number = {5},
publisher = {Blackwell Publishing Ltd},
issn = {1461-0248},
doi = {10.1111/j.1461-0248.2012.01763.x},
pages = {492--501},
year = {2012},
}

@article{Bell2010a,
author = {Bell, Graham},
issn = {1471-2970},
journal = {Philosophical Transactions of the Royal Society B: Biological Sciences},
number = {1537},
pages = {87--97},
title = {{Fluctuating selection: the perpetual renewal of adaptation in variable environments.}},
volume = {365},
year = {2010}
}

@article{Beniston2012,
author = {Beniston, Martin},
doi = {10.1002/wcc.179},
journal = {Wiley Interdiscip Rev Clim Change},
number = {4},
pages = {349--358},
title = {{Is snow in the Alps receding or disappearing?}},
volume = {3},
year = {2012}
}

@article{Berenos2014,
author = {B{\'{e}}r{\'{e}}nos, Camillo and Ellis, Philip a and Pilkington, Jill G and Pemberton, Josephine M},
doi = {10.1111/mec.12827},
journal = {Molecular Ecology},
pages = {3434--3451},
title = {{Estimating quantitative genetic parameters in wild populations: a comparison of pedigree and genomic approaches.}},
volume = {23},
year = {2014}
}

@article{Biggs2009,
author = {Biggs, Reinette and Carpenter, Stephen R. and Brock, William A.},
doi = {10.1073/pnas.0811729106},
issn = {1091-6490},
journal = {Proceedings of the National Academy of Sciences, USA},
month = jan,
number = {3},
pages = {826--831},
pmid = {19124774},
title = {{Turning back from the brink: detecting an impending regime shift in time to avert it.}},
volume = {106},
year = {2009}
}

@article{Birch2015,
author = {Birch, Jonathan},
doi = {10.1111/brv.12190},
issn = {14647931},
journal = {Biological Reviews},
title = {{Natural selection and the maximization of fitness}},
volume = {44},
year = {2015}
}

@article{Bjorklund2013,
author = {Bj{\"{o}}rklund, M and Husby, A and Gustafsson, L},
doi = {10.1111/jeb.12044},
isbn = {1420-9101},
issn = {1420-9101},
journal = {Journal of Evolutionary Biology},
number = {1},
pages = {1--13},
pmid = {23240615},
title = {{Rapid and unpredictable changes of the G-matrix in a natural bird population over 25 years.}},
volume = {26},
year = {2013}
}

@article{Blanckenhorn2000,
author = {Blanckenhorn, WU},
journal = {Quarterly Review of Biology},
number = {4},
pages = {385--407},
title = {{The evolution of body size: what keeps organisms small?}},
volume = {75},
year = {2000}
}

@article{Bloom2013,
author = {Bloom, Joshua S. and Ehrenreich, Ian M. and Loo, Wesley T. and Lite, Th{\'{u}}y-Lan V{\~{o}} and Kruglyak, Leonid},
doi = {10.1038/nature11867},
issn = {0028-0836},
journal = {Nature},
month = {feb},
pages = {234--239},
title = {{Finding the sources of missing heritability in a yeast cross}},
volume = {494},
year = {2013}
}


@article{Boettiger2013a,
author = {Boettiger, Carl and Hastings, Alan},
journal = {Nature},
title = {{Tipping points: From patterns to predictions}},
issue = {493},
pages = {157--158},
year = {2013}
}

@article{Boettiger2013,
author = {Boettiger, Carl and Hastings, Alan},
journal = {Proceedings of the Royal Society of London B: Biological Sciences},
volume = {280},
number = {1766},
title = {{No early warning signals for stochastic transitions: insights from large deviation theory}},
doi = {10.1098/rspb.2013.1372},
publisher = {The Royal Society},
isbn = {1471-2954},
issn = {0962-8452},
year = {2013}
}

@article{Boettiger2012,
author = {Boettiger, Carl and Hastings, Alan},
doi = {10.1098/rspb.2012.2085},
issn = {1471-2954},
journal = {Proceedings of the Royal Society of London B: Biological Sciences},
month = dec,
number = {1748},
pages = {4734--4739},
pmid = {23055060},
title = {{Early warning signals and the prosecutor's fallacy.}},
volume = {279},
year = {2012}
}

@article{Bonduriansky2012,
author = {Bonduriansky, R},
doi = {10.1016/j.tree.2012.02.003},
issn = {0169-5347},
journal = {Trends in Ecology \& Evolution},
month = jun,
number = {6},
pages = {330--6},
pmid = {22445060},
publisher = {Elsevier Ltd},
title = {{Rethinking heredity, again.}},
volume = {27},
year = {2012}
}

@article{Bonnet2016,
author = {Bonnet, Timoth\'ee and Postma, Erik},
journal = {The American Naturalist},
number = {1},
pages = {60--74},
title = {{Successful by chance? the power of mixed models and neutral simulations for the detection of individual fixed heterogeneity in fitness components}},
volume = {187},
year = {2016}
}

@article{Boutin2014,
author = {Boutin, Stan and Lane, Jeffrey E},
issn = {1752-4571},
journal = {Evolutionary Applications},
number = {1},
pages = {29--41},
pmid = {24454546},
title = {{Climate change and mammals: evolutionary versus plastic responses.}},
volume = {7},
year = {2014}
}

@article{Brandon1984,
author = {Brandon, Robert and Beatty, John},
journal = {Philosophy of Science},
number = {2},
pages = {342--347},
title = {{The propensity interpretation of ' fitness '. No interpretation is no substitute.}},
volume = {51},
year = {1984}
}

@book{Breiman1984,
author = {Breiman, Leo and Friedman, Jerome H. and Olshen, Richard A. and Stones, Charles J.},
publisher = {Chapman \& Hall},
title = {{Classification and Regression Trees}},
year = {1984}
}

@book{Brigham1974,
address = {Englewood Cliffs, New Jersey},
author = {Brigham, E. Oran},
publisher = {Prentice-Hall, Inc.},
title = {{The Fast Fourier Transform}},
year = {1974}
}

@article{Brommer2004,
author = {Brommer, Jon E and Gustafsson, Lars and Pieti\"{a}inen, Hannu and Meril\"{a}, Juha},
doi = {10.1086/382547},
issn = {1537-5323},
journal = {The American Naturalist},
month = apr,
number = {4},
pages = {505--517},
pmid = {15122499},
title = {{Single-generation estimates of individual fitness as proxies for long-term genetic contribution.}},
volume = {163},
year = {2004}
}

@article{Broodie1995,
author = {{Broodie III}, Edmund D. and Moore, Allen J and Janzen, Frederic J},
journal = {Trends in Ecology {\&} Evolution},
number = {8},
pages = {313--318},
title = {{Visualizing and quantifying natural selection}},
volume = {10},
year = {1995}
}

@article{Brookfield2016,
author = {Brookfield, John F.Y.},
doi = {10.1002/bies.201600017},
issn = {02659247},
journal = {BioEssays},
pages = {1--8},
title = {{Why are estimates of the strength and direction of natural selection from wild populations not congruent with observed rates of phenotypic change?}},
volume = {38},
year = {2016}
}

@article{Brooks2013,
author = {Brooks, Mollie E and McCoy, Michael W and Bolker, Benjamin M},
doi = {10.1371/journal.pone.0076389},
journal = {PloS One},
month = jan,
number = {10},
pages = {e76389},
pmid = {24204620},
title = {{A method for detecting positive growth autocorrelation without marking individuals.}},
volume = {8},
year = {2013}
}

@article{Buntgen2014,
author = {B\"{u}ntgen, Ulf and Liebhold, Andrew and Jenny, Hannes and Mysterud, Atle and Egli, Simon and Nievergelt, Daniel and Stenseth, Nils C and Bollmann, Kurt},
doi = {10.1111/ele.12231},
journal = {Ecology Letters},
month = mar,
number = {3},
pages = {303--13},
pmid = {24341995},
title = {{European springtime temperature synchronises ibex horn growth across the eastern Swiss Alps.}},
volume = {17},
year = {2014}
}

@book{Burnham2002c,
author = {Burnham, KP K.P. and Anderson, D.R. DR},
booktitle = {Ecological Modelling},
doi = {10.1016/j.ecolmodel.2003.11.004},
isbn = {978-0-387-22456-5},
issn = {03043800},
pages = {488},
pmid = {48557578},
publisher = {Springer-Verlag, Heidelberg},
title = {{Model Selection and Multimodel Inference: A Practical Information-Theoretic Approach (2nd ed)}},
volume = {172},
year = {2002}
}

@manual{Butler2009,
    author = {Butler, D. G. and Cullis, B. R. and Gilmour, A. R. and Gogel, B. J.},
    howpublished = {Draft Copy},
    institution = {Queensland Department of Primary Industries and Fisheries},
    issn = {0812-0005},
    keywords = {asreml, r},
    month = mar,
    posted-at = {2011-12-14 19:20:01},
    priority = {2},
    title = {{ASReml}-R reference manual},
    year = {2009}
}

@article{Cam2000,
author = {Cam, Emmanuelle and Monnat, Jean Yves},
doi = {10.1034/j.1600-0706.2000.900314.x},
journal = {Oikos},
month = sep,
number = {3},
pages = {560--574},
title = {{Stratification based on reproductive state reveals contrasting patterns of age-related variation in demographic parameters in the kittiwake}},
volume = {90},
year = {2000}
}

@article{Cam2002,
author = {Cam, Emmanuelle and Link, William a and Cooch, Evan G and Monnat, Jean-Yves and Danchin, Etienne},
doi = {10.1086/324126},
journal = {The American Naturalist},
keywords = {age,bivariate latent factors models,breeding probability,individual heterogeneity,survival,within-cohort phenotypic selection},
month = jan,
number = {1},
pages = {96--105},
pmid = {18707403},
title = {{Individual covariation in life-history traits: seeing the trees despite the forest.}},
volume = {159},
year = {2002}
}

@article{Cam2013,
author = {Cam, Emmanuelle and Gimenez, Olivier and Alpizar-Jara, Russell and Aubry, Lise M. and Authier, Matthieu and Cooch, Evan G. and Koons, David N. and Link, William A. and Monnat, Jean-Yves and Nichols, James D. and Rotella, Jay J. and Royle, Jeffrey A. and Pradel, Roger},
doi = {10.1111/j.1600-0706.2012.20532.x},
journal = {Oikos},
month = may,
number = {5},
pages = {739--753},
title = {{Looking for a needle in a haystack: inference about individual fitness components in a heterogeneous population}},
volume = {122},
year = {2013}
}

@article{Cam2014,
author = {Cam, Emmanuelle},
doi = {10.1111/1365-2656.12277},
journal = {Journal of Animal Ecology},
month = sep,
number = {5},
pages = {1003--1006},
title = {{In focus: The evolutionary significance of latent reproductive rate in a long-lived vertebrate}},
volume = {83},
year = {2014}
}

@article{Cameron2013,
author = {Cameron, Tom C. and O'Sullivan, Daniel and Reynolds, Alan and Piertney, Stuart B. and Benton, Tim G.},
journal = {Ecology Letters},
issn = {1461-0248},
title = {{Eco-evolutionary dynamics in response to selection on life-history}},
volume = {16},
number = {6},
pages = {754--763},
year = {2013}
}

@article {Canale2016,
author = {Canale, Cindy I. and Ozgul, Arpat and Allain\'e, Dominique and Cohas, Aurelie},
title = {Differential plasticity of size and mass to environmental change in a hibernating mammal},
journal = {Global Change Biology},
volume = {in press},
year = {2016}
}

@article{Carpenter2011,
author = {Carpenter, Stephen R and Cole, J J and Pace, M L and Batt, R and Brock, William a and Cline, T and Coloso, J and Hodgson, J R and Kitchell, J F and Seekell, David a and Smith, L and Weidel, B},
doi = {10.1126/science.1203672},
issn = {1095-9203},
journal = {Science},
month = may,
number = {6033},
pages = {1079--1082},
pmid = {21527677},
title = {{Early warnings of regime shifts: a whole-ecosystem experiment.}},
volume = {332},
year = {2011}
}

@article{Caswell2007,
author = {Caswell, H},
doi = {10.1111/j.1461-0248.2006.01001.x},
issn = {1461-0248},
journal = {Ecology Letters},
month = jan,
number = {1},
pages = {1--15},
pmid = {17204112},
title = {{Sensitivity analysis of transient population dynamics}},
volume = {10},
year = {2007}
}

@article{Caswell2011,
author = {Caswell, Hal},
journal = {PLoS One},
title = {Beyond $R_{0}$: Demographic models for variability of lifetime reproductive output},
month = {06},
volume = {6},
pages = {e20809},
number = {6},
doi = {10.1371/journal.pone.0020809},
year = {2011}
}        

@article{Chambert2013,
author = {Chambert, Thierry and Rotella, Jay J and Higgs, Megan D and Garrott, Robert A},
doi = {10.1002/ece3.615},
journal = {Ecology and Evolution},
number = {7},
pages = {2047--60},
pmid = {23919151},
title = {{Individual heterogeneity in reproductive rates and cost of reproduction in a long-lived vertebrate.}},
volume = {3},
year = {2013}
}

@article{Chambert2014,
author = {Chambert, Thierry and Rotella, Jay J and Higgs, Megan D},
doi = {10.1002/ece3.993},
journal = {Ecology and Evolution},
number = {8},
pages = {1389--97},
pmid = {24834335},
title = {{Use of posterior predictive checks as an inferential tool for investigating individual heterogeneity in animal population vital rates.}},
volume = {4},
year = {2014}
}

@article{Chambert2014a,
author = {Chambert, Thierry and Rotella, Jay J and Garrott, Robert A},
doi = {10.1111/1365-2656.12211},
journal = {The Journal of Animal Ecology},
month = feb,
pages = {1158--1168},
pmid = {24673453},
title = {{An evolutionary perspective on reproductive individual heterogeneity in a marine vertebrate.}},
volume = {83},
year = {2014}
}

@incollection{Charleworth1994,
author = {Charlesworth, Brian},
isbn = {0-521-45967-2},
pages = {28--30},
edition = {2nd},
publisher = {Cambridge: University of Cambridge Press},
booktitle = {{ Evolution in Age-Structured Populations}},
title = {{Models of age-structured populations}},
year = {1994}
}

@article{Charlesworth2014,
author = {Charlesworth, Brian},
journal = {Proceedings of the National Academy of Sciences, USA},
number = {6},
pages = {1662--1669},
title = {{Causes of natural variation in fitness : Evidence from studies of Drosophila populations}},
volume = {112},
year = {2015}
}

@book{Charmantier2014book,
author= {Charmentier, Anne and Garant, Dany and  Kruuk, Loeske E. B.},
title={{Quantitative Genetics in the Wild}},
publisher={Oxford University Press},
address={Oxford},
year= 2014
}

@article{Charmantier2014climate,
author = {Charmantier, Anne and Gienapp, Phillip},
doi = {10.1111/eva.12126},
journal = {Evolutionary Applications},
number = {1},
pages = {15--28},
title = {{Climate change and timing of avian breeding and migration: evolutionary versus plastic changes}},
volume = {7},
year = {2014}
}

@article{Chevin2012,
author = {Chevin, Luis-Miguel and Collins, Sin\'{e}ad and Lef\`{e}vre, Fran\c{c}ois},
doi = {10.1111/j.1365-2435.2012.02043.x},
editor = {Hoffmann, Ary},
issn = {02698463},
journal = {Functional Ecology},
month = aug,
number = {4},
pages = {967--979},
title = {{Phenotypic plasticity and evolutionary demographic responses to climate change: taking theory out to the field}},
volume = {27},
year = {2012}
}

@article{Chevin2013,
author = {Chevin, Luis-Miguel and Gallet, Romain and Gomulkiewicz, Richard and Holt, Robert D and Fellous, Simon},
doi = {10.1098/rstb.2012.0089},
issn = {1471-2970},
journal = {Philosophical Transactions of the Royal Society B: Biological Sciences},
month = jan,
number = {1610},
pages = {20120089},
pmid = {23209170},
title = {{Phenotypic plasticity in evolutionary rescue experiments.}},
volume = {368},
year = {2013}
}

@article{Chevin2010,
author = {Chevin, Luis-Miguel and Lande, Russell},
doi = {10.1111/j.1558-5646.2009.00875.x},
issn = {1558-5646},
journal = {Evolution},
month = apr,
number = {4},
pages = {1143--1150},
pmid = {19863583},
title = {{When do adaptive plasticity and genetic evolution prevent extinction of a density-regulated population?}},
volume = {64},
year = {2010}
}

@article{Chevin2010a,
author = {Chevin, Luis-Miguel and Lande, Russell and Mace, Georgina M},
doi = {10.1371/journal.pbio.1000357},
issn = {1545-7885},
journal = {PLoS Biology},
month = jan,
number = {4},
pages = {e1000357},
pmid = {20463950},
title = {{Adaptation, plasticity, and extinction in a changing environment: towards a predictive theory.}},
volume = {8},
year = {2010}
}

@article{Chevin2014,
author = {Chevin, Luis Miguel and Haller, Benjamin C.},
doi = {10.1111/evo.12532},
journal = {Evolution},
number = {12},
pages = {3381--3394},
pmid = {25302419},
title = {{The temporal distribution of directional gradients under selection for an optimum}},
volume = {68},
year = {2014}
}

@article{Chevin2015a,
author = {Chevin, Luis-Miguel},
doi = {10.1111/2041-210X.12389},
journal = {Methods in Ecology and Evolution},
volume ={6},
issue ={9},
pages = {981--986},
title = {{Evolution of adult size depends on genetic variance in growth trajectories: A comment on analyses of evolutionary dynamics using integral projection models}},
year = {2015}
}

@article{Chevin2015b,
author = {Chevin, Luis-Miguel and Visser, Marcel E and Tufto, Jarle},
doi = {10.1111/evo.12741},
issn = {00143820},
journal = {Evolution},
number = {9},
pages = {2319--2332},
title = {{Estimating the variation, autocorrelation, and environmental sensitivity of phenotypic selection}},
volume = {69},
year = {2015}
}

@article{childs2011predicting,
  title={Predicting trait values and measuring selection in complex life histories: reproductive allocation decisions in Soay sheep},
  author={Childs, D Z and Coulson, T N and Pemberton, J M and Clutton-Brock, T H and Rees, M},
  journal={Ecology Letters},
  volume={14},
  number={10},
  pages={985--992},
  year={2011},
  publisher={Wiley Online Library}
}

@article{Childs2016,
author = {Childs, Dylan Z. and Sheldon, Ben C. and Rees, Mark},
doi = {10.1111/1365-2656.12483},
issn = {00218790},
journal = {Journal of Animal Ecology},
number = {2},
pages = {329--342},
title = {{The evolution of labile traits in sex- and age-structured populations}},
volume = {85},
year = {2016}
}

@article{Clayton1957,
year={1957},
issn={0022-1333},
journal={Journal of Genetics},
volume={55},
number={1},
doi={10.1007/BF02981620},
title={An experimental check on quantitative genetical theory \textrm{I}. \uppercase{S}hort-term responses to selection},
publisher={Springer India},
author={Clayton, G.A. and Morris, J.A. and Robertson, Alan},
pages={131--151},
language={English}
}

@incollection{Clutton1988,
author = {Clutton-Brock, Tim H},
booktitle = {Reproductive success. Studies of individual variation in contrasting
   breeding systems.},
pages = {325--343},
publisher = {University of Chicago Press, Chicago and London},
editor = {Clutton-Brock, Tim H},
title = {{Reproductive success in male and female red deer.}},
year = {1988}
}

@article{Clutton-brock2010,
author = {Clutton-brock, Tim and Sheldon, Ben C},
doi = {10.1016/j.tree.2010.08.002},
journal = {Trends in Ecology {\&} Evolution},
number = {10},
pages = {562--573},
title = {{Individuals and populations: the role of long-term, individual-based studies of animals in ecology and evolutionary biology}},
volume = {25},
year = {2010}
}

@article{Coltman2003,
author = {Coltman, David W. and O'Donoghue, Paul and Jorgenson, Jon T. and Hogg, John T. and Strobeck, Curtis and Festa-Bianchet, Marco},
doi = {10.1038/nature02187.1.},
journal = {Nature},
number = {December},
pages = {655--658},
title = {{Undesirable evolutionary consequences of trophy hunting}},
volume = {426},
year = {2003}
}

@article{Cooke1990,
author = {Cooke, F. and Taylor, P. D. and Francis C. M. and Rockwell, R. F.},
year = {1990},
title = {{Directional selection and clutch size in birds}},
journal = {The American Naturalist},
volume = {136},
pages = {261–267},
}

@book{Cope1887,
title = {The origin of the fittest : essays on evolution. },
copyright = {NOT_IN_COPYRIGHT},
url = {http://www.biodiversitylibrary.org/item/65400},
note = {http://www.biodiversitylibrary.org/bibliography/24160},
publisher = {New York :D. Appleton,},
author = {Cope, E. D.},
year = {1887},
pages = {532}
}

@article{Cornulier2009,
author = {Cornulier, Thomas and Elston, David a and Arcese, Peter and Benton, Tim G and Douglas, David J T and Lambin, Xavier and Reid, Jane and Robinson, Robert a and Sutherland, William J},
doi = {10.1111/j.1461-0248.2009.01377.x},
issn = {1461-0248},
journal = {Ecology Letters},
month = nov,
number = {11},
pages = {1184--93},
pmid = {19725863},
title = {{Estimating the annual number of breeding attempts from breeding dates using mixture models.}},
volume = {12},
year = {2009}
}

@article{Coulson2008,
author = {Coulson, Tim and Tuljapurkar, Shripad},
doi = {10.1086/591693.The},
journal = {The American Naturalist},
number = {5},
pages = {599--612},
title = {{The dynamics of a quantitative trait in an age-structured population living in a variable environment}},
volume = {172},
year = {2008}
}

@article{Coulson2011modeling,
  title={Modeling effects of environmental change on wolf population dynamics, trait evolution, and life history},
  author={Coulson, Tim and MacNulty, Daniel R and Stahler, Daniel R and Wayne, Robert K and Smith, Douglas W and others},
  journal={Science},
  volume={334},
  number={6060},
  pages={1275--1278},
  year={2011},
  publisher={American Association for the Advancement of Science}
}

@article{Coulson2010,
author = {Coulson, Tim and Tuljapurkar, Shripad and Childs, Dylan Z},
doi = {10.1111/j.1365-2656.2010.01734.x},
issn = {1365-2656},
journal = {Journal of Animal Ecology},
month = nov,
number = {6},
pages = {1226--1240},
pmid = {20704627},
title = {{Using evolutionary demography to link life history theory, quantitative genetics and population ecology.}},
volume = {79},
year = {2010}
}

@article{Coulson2014,
author={Coulson, T. and Clegg, S.},
title={{Population biology: Fur seals signal their own decline}},
journal={Nature},
volume={511},
pages={414--415},
year=2014
}

@article{Coulson2015,
author = {Coulson, Tim and Plard, Floriane and Schindler, Susanne and Ozgul, Arpat and Gaillard, Jean-Michel},
journal = {arXiv},
title = {{Quantitative genetics meets integral projection models : unification of widely used methods from ecology and evolution}},
url = {http://de.arxiv.org/abs/1509.01351v1},
year = {2015}
}

@article{Crainiceanu2004,
author = {Crainiceanu, Ciprian M. and Ruppert, David},
doi = {10.1111/j.1467-9868.2004.00438.x},
journal = {Journal of the Royal Statistical Society: Series B (Statistical Methodology)},
month = feb,
number = {1},
pages = {165--185},
title = {{Likelihood ratio tests in linear mixed models with one variance component}},
volume = {66},
year = {2004}
}

@article{Criminisi2011,
author = {Criminisi, A and Shotton, J and Konukoglu, E},
file = {:home/koen/.local/share/data/Mendeley Ltd./Mendeley Desktop/Downloaded/Criminisi, Shotton, Konukoglu - 2011 - Decision forests for classification, regression, density estimation, manifold learning and semi-s.pdf:pdf},
journal = {Microsoft Research Cambridge, Tech. \ldots},
title = {{Decision forests for classification, regression, density estimation, manifold learning and semi-supervised learning}},
url = {http://www.ehu.es/ccwintco/uploads/6/66/Random\_Forest\_Crim.pdf},
year = {2011}
}

@book{Crow1970,
  title={{An Introduction to Population Genetics Theory.}},
  author={Crow, James F and Kimura, Motoo},
  year={1970},
  publisher={Harper \& Row, Publishers},
  address={New York, Evanston and London}
}

@article{Crozier2014,
author = {Crozier, Lisa G. and Hutchings, Jeffrey A.},
journal = {Evolutionary Applications},
number = {1},
pages = {68--87},
title = {{Plastic and evolutionary responses to climate change in fish}},
volume = {7},
year = {2014}
}

@article{Cushman2010,
author = {Cushman, Samuel a and Landguth, Erin L},
doi = {10.1111/j.1365-294X.2010.04656.x},
journal = {Molecular Ecology},
month = sep,
number = {17},
pages = {3592--602},
pmid = {20618896},
title = {{Spurious correlations and inference in landscape genetics.}},
volume = {19},
year = {2010}
}

@article{Dakos2012,
author = {Dakos, Vasilis and Carpenter, Stephen R and Brock, William A and Ellison, Aaron M and Guttal, Vishwesha and Ives, Anthony R and K\'{e}fi, Sonia and Livina, Valerie and Seekell, David A and van Nes, Egbert H and Scheffer, Marten},
doi = {10.1371/journal.pone.0041010},
issn = {1932-6203},
journal = {PloS One},
month = jan,
number = {7},
pages = {e41010},
pmid = {22815897},
title = {{Methods for detecting early warnings of critical transitions in time series illustrated using simulated ecological data.}},
volume = {7},
year = {2012}
}

@book{Darwin1859,
author = {Darwin, Charles},
title = {On the origin of species by means of natural selection, or the preservation of favoured races in the struggle for life},
publisher = {John Murray, London},
year = {1859}
}

@book{Dawkins1982, 
year = {1982},
author = {Dawkins, Richard},
title = {{The extended phenotype}},
publisher = {Oxford Universtiy Press, Oxford, U.K.}
}

@article{deBoer1993,
author = {de Boer, I.J.M. and Hoeschele, I.},
journal = {Theoretical and Applied Genetics},
volume = {86},
pages = {245--258},
title = {{Genetic evaluation methods for populations with dominance and inbreeding}},
year= {1993}
}

@article{DeJong2014,
author = {de Jong, M a and Wong, S C and Lehtonen, R and Hanski, I},
doi = {10.1111/mec.12697},
issn = {1365-294X},
journal = {Molecular Ecology},
number = {8},
pages = {1994--2005},
pmid = {24552294},
title = {{Cytochrome P450 gene Cyp337 and heritability of fitness traits in the Glanville fritillary butterfly.}},
volume = {23},
year = {2014}
}

@article{DeVillemereuil2013,
author = {de Villemereuil, Pierre and Gimenez, Olivier and Doligez, Blandine},
doi = {10.1111/2041-210X.12011},
journal = {Methods in Ecology and Evolution},
month = mar,
number = {3},
pages = {260--275},
title = {{Comparing parent-offspring regression with frequentist and Bayesian animal models to estimate heritability in wild populations: a simulation study for Gaussian and binary traits}},
volume = {4},
year = {2013}
}

@article{DeVillemereuil2016,
author = {{de Villemereuil}, Pierre and Schielzeth, Holger and Nakagawa, Shinichi and Morrissey, Michael},
year = {2016},
title = {{General methods for evolutionary quantitative genetic inference from generalised mixed models}},
doi = {http://dx.doi.org/10.1101/026377},
eprint = {http://dx.doi.org/10.1101/026377},
journal = {bioR$\chi$iv}
}

@incollection{Dietrich2006,
author = {Dietrich, Michael R},
booktitle = {Evolutionary genetics: concepts and case studies.},
pages = {3--13},
publisher = {Oxford University Press, Oxford},
editor = {Fox, Charles W. and Wolf, Jason B.},
title = {{From Mendel to molecules: A brief history of evolutionary genetics}},
year = {2006}
}

@article{VanDijk2014,
author = {{van} Dijk, Erwin L. and Auger, H{\'{e}}l{\`{e}}ne and Jaszczyszyn, Yan and Thermes, Claude},
journal = {Trends in Genetics},
number = {9},
pages = {418--426},
title = {{Ten years of next-generation sequencing technology}},
volume = {30},
year = {2014}
}

@article{Doorslaer2009,
author = {van Doorslaer, W and Stoks, R and Duvivier, C},
journal = {Evolution},
mendeley-groups = {AquaticEctotherms},
title = {{Population dynamics determine genetic adaptation to temperature in Daphnia}},
volume = {63},
year = {2009}
}

@article {Drake2013,
	author = {Drake, John M.},
	title = {Early warning signals of stochastic switching},
	volume = {280},
	number = {1766},
	year = {2013},
	doi = {10.1098/rspb.2013.0686},
	isbn = {1471-2954},
	issn = {0962-8452},
	journal = {Proceedings of the Royal Society of London B: Biological Sciences},
}

@article{Drake2010,
author = {Drake, John M and Griffen, Blaine D},
doi = {10.1038/nature09389},
issn = {1476-4687},
journal = {Nature},
month = sep,
number = {7314},
pages = {456--459},
pmid = {20827269},
publisher = {Nature Publishing Group},
title = {{Early warning signals of extinction in deteriorating environments.}},
volume = {467},
year = {2010}
}

@article{easterling2000,
  title={Size-specific sensitivity: applying a new structured population model},
  author={Easterling, Michael R and Ellner, Stephen P and Dixon, Philip M},
  journal={Ecology},
  volume={81},
  number={3},
  pages={694--708},
  year={2000},
  publisher={Eco Soc America}
}

@article{Ellegren2008,
author = {Ellegren, Hans and Sheldon, Ben C},
doi = {10.1038/nature06737},
journal = {Nature},
pages = {169--175},
title = {{Genetic basis of fitness differences in natural populations}},
volume = {452},
year = {2008}
}

@article{Ellner2006,
author = {Ellner, Stephen P. and Rees, Mark},
doi = {10.1086/499438},
issn = {1537-5323},
journal = {The American Naturalist},
month = mar,
number = {3},
pages = {410--428},
pmid = {16673349},
title = {{Integral projection models for species with complex demography.}},
volume = {167},
year = {2006}
}

@article{Ellner2011,
author = {Ellner, Stephen P. and Geber, Monica A. and Hairston, Nelson G.},
doi = {10.1111/j.1461-0248.2011.01616.x},
issn = {1461-0248},
journal = {Ecology Letters},
month = jun,
number = {6},
pages = {603--614},
pmid = {21518209},
title = {{Does rapid evolution matter? Measuring the rate of contemporary evolution and its impacts on ecological dynamics.}},
volume = {14},
year = {2011}
}

@article{Ellner2013,
author = {Ellner, Stephen P.},
doi = {10.1111/1365-2435.12174},
editor = {Fox, Charles},
issn = {02698463},
journal = {Functional Ecology},
month = oct,
number = {5},
pages = {1087--1099},
title = {{Rapid evolution: from genes to communities, and back again?}},
volume = {27},
year = {2013}
}

@book{Endler1986,
author = {Endler, J. A.},
year = {1986},
title = {{Natural selection in the wild.}},
publisher = {Princeton, NJ: Princeton University Press.}
}

@article{engen2011,
  title={Evolution of a plastic quantitative trait in an age-structured population in a fluctuating environment},
  author={Engen, Steinar and Lande, Russell and S{\ae}ther, Bernt-Erik},
  journal={Evolution},
  volume={65},
  number={10},
  pages={2893--2906},
  year={2011},
  publisher={Wiley Online Library}
}

@article{engen2014,
  title={Evolution in fluctuating environments: decomposing selection into additive components of the Robertson--Price equation},
  author={Engen, Steinar and S{\ae}ther, Bernt-Erik},
  journal={Evolution},
  volume={68},
  number={3},
  pages={854--865},
  year={2014},
  publisher={Wiley Online Library}
}

@article{engen2014b,
  title={Estimating phenotypic selection in age-structured populations by removing transient fluctuations},
  author={Engen, Steinar and Kvalnes, Thomas and S{\ae}ther, Bernt-Erik},
  journal={Evolution},
  volume={68},
  number={9},
  pages={2509--2523},
  year={2014},
  publisher={Wiley Online Library}
}

@article{English2012,
author = {English, Sin\'{e}ad and Bateman, Andrew W and Clutton-Brock, Tim H},
doi = {10.1007/s00442-011-2192-9},
issn = {1432-1939},
journal = {Oecologia},
month = may,
number = {1},
pages = {143--53},
pmid = {22108854},
title = {{Lifetime growth in wild meerkats: incorporating life history and environmental factors into a standard growth model.}},
volume = {169},
year = {2012}
}

@article{Estes2007,
author = {Estes, Suzanne and Arnold, Stevan J},
journal = {The American Naturalist},
number = {2},
pages = {227--244},
pmid = {17211806},
title = {{Resolving the paradox of stasis: models with stabilizing selection explain evolutionary divergence on all timescales.}},
volume = {169},
year = {2007}
}

@Article{Ewens2014,
author={Ewens, Warren J.},
title={{Grafen, the Price equations, fitness maximization, optimisation and the fundamental theorem of natural selection}},
journal={Biology {\&} Philosophy},
year={2014},
volume={29},
number={2},
}

@article{Ezard2009,
author = {Ezard, Thomas H G and C\^{o}t\'{e}, Steeve D and Pelletier, Fanie},
doi = {10.1098/rstb.2009.0006},
issn = {1471-2970},
journal = {Philosophical Transactions of the Royal Society B: Biological Sciences},
month = jun,
number = {1523},
pages = {1491--1498},
pmid = {19414464},
title = {{Eco-evolutionary dynamics: disentangling phenotypic, environmental and population fluctuations.}},
volume = {364},
year = {2009}
}

@incollection{Fairbairn2001,
author = {Fairbairn, D. J. and Reeve, J.},
booktitle = {Evolutionary ecology: concepts and case studies.},
pages = {29--43},
publisher = {Oxford University Press, Oxford},
editor = {Fox, Charles W. and Roff, D. A. and Fairbairn, D. J.},
title = {{Natural selection}},
year = {2006}
}

@incollection{Falconer1965,
author = {Falconer, D.},
year = {1965},
title = {{Maternal effects and selection response}},
pages = {763--774},
editor = {Geerts,  S. J.},
booktitle = {Genetics today, Proceedings of the XI International Congress on Genetics, Vol. 3.},
publisher = {Pergamon},
address={ Oxford}
}

@book{Falconer1996,
author = {Falconer, D. S. and T. F. C. Mackay},
year ={1996},
title = {{Introduction to quantitative genetics}},
edition = {4th ed.},
editor = {Longman},
address = {Essex, U.K}
}

@article{Firth2015,
author = {Firth, Josh A. and Hadfield, Jarrod D. and Santure, Anna W. and Slate, Jon and Sheldon, Ben C.},
journal = {Evolution},
number = {5},
pages = {1336--1344},
title = {{The influence of nonrandom extra-pair paternity on heritability estimates derived from wild pedigrees}},
volume = {69},
year = {2015}
}

@article{Fisher1941average,
  author = {Fisher, R. A.},
  year = {1941},
  title = {Average excess and average effect of a gene substitution},
  journal = {Annals of Eugenics},
  issn = {2050-1439},
  doi = {10.1111/j.1469-1809.1941.tb02272.x},
  volume = {11},
  month = {1},
  pages = {53--63},
  number = {1}
}

@book{Fisher1958,
author={Fisher, Ronald},
title={{The genetical theory of natural selection}},
edition={Second},
publisher={Dover Publications, New York},
year={1958}
}

@book{Fisher1930,
author={Fisher, Ronald},
title={{The genetical theory of natural selection}},
edition={First},
publisher={Oxford university press, Oxford, Great Britain},
year={1930}
}

@article{Fisher1947,
author = {Fisher, R a and Ford, E B},
doi = {10.1038/hdy.1947.11},
journal = {Heredity},
number = {2},
pages = {143--174},
title = {{The spread of a gene in natural conditions in a colony of the moth Panaxia dominula L.}},
volume = {1},
year = {1947}
}

@article{Fitzpatrick2005,
author = {Fitzpatrick, Mark J and Ben-shahar, Yehuda and Smid, Hans M and Vet, Louise E M and Robinson, Gene E and Sokolowski, Marla B},
doi = {10.1016/j.tree.2004.11.017},
journal = {Trends in Ecology {\&} Evolution},
mendeley-groups = {Snow voles},
number = {2},
pages = {96--104},
title = {{Candidate genes for behavioural ecology}},
volume = {20},
year = {2005}
}

@article{Flint2009,
author = {Flint, J and Mackay, T F C},
doi = {10.1101/gr.086660.108},
journal = {Genome Research},
pages = {723--733},
pmid = {19411597},
title = {{Genetic architecture of quantitative traits in flies, mice and humans}},
volume = {19},
year = {2009}
}

@article{Forcada2014,
author={Forcada, J. and Hoffman,J.I.},
title={{Climate change selects for heterozygosity in a declining fur seal population}},
journal={Nature},
volume={511},
pages={462--465},
year=2014
}

@article{Fox2000,
author = {Fox, GA and Gurevitch, Jessica},
journal = {The American Naturalist},
number = {3},
pages = {242--256},
title = {{Population Numbers Count: Tools for Near-Term Demographic Analysis}},
volume = {156},
year = {2000}
}

@article{Fox2002,
author = {Fox, Gordon A and Kendall, Bruce E},
journal = {Ecology},
number = {7},
pages = {1928--1934},
title = {{Demographic stochasiticy and the variance reduction effect}},
volume = {83},
year = {2002}
}

@article{Frank2012IV,
author = {Frank, S A},
doi = {10.1111/j.1420-9101.2012.02498.x},
issn = {1420-9101},
journal = {Journal of Evolutionary Biology},
month = jun,
number = {6},
pages = {1002--1019},
pmid = {22487312},
title = {{Natural selection. \textrm{IV}. The Price equation.}},
volume = {25},
year = {2012}
}

@article{Frank2012V,
author = {Frank, S. a.},
doi = {10.1111/jeb.12010},
journal = {Journal of Evolutionary Biology},
month = dec,
number = {12},
pages = {2377--2396},
title = {{Natural selection. V. How to read the fundamental equations of evolutionary change in terms of information theory}},
volume = {25},
year = {2012}
}

@article{Fussmann2007,
author = {Fussmann, G F and Loreau, M. and Abrams, P A},
doi = {10.1111/j.1365-2435.2007.01275.x},
issn = {0269-8463},
journal = {Functional Ecology},
month = jun,
number = {3},
pages = {465--477},
title = {{Eco-evolutionary dynamics of communities and ecosystems}},
volume = {21},
year = {2007}
}

@book{Futuyama1998,
author={Futuyama, D. J.},
title={Evolutionary biology, 3rd ed.},
publisher={Sinauer Associates},
year=1998
}

@article{Garant2004,
  title={Evolution in a changing environment: a case study with great tit fledging mass},
  author={Garant, Dany and Kruuk, Loeske EB and McCleery, Robin H and Sheldon, Ben C},
  journal={The American Naturalist},
  volume={164},
  number={5},
  pages={E115--E129},
  year={2004},
  publisher={JSTOR}
}

@article{Garant2008,
author = {Garant, Dany and Hadfield, Jarrod D. and Kruuk, Loeske E. B. and Sheldon, Ben C.},
doi = {10.1111/j.1365-294X.2007.03436.x},
issn = {09621083},
journal = {Molecular Ecology},
number = {1},
pages = {179--188},
title = {{Stability of genetic variance and covariance for reproductive characters in the face of climate change in a wild bird population}},
volume = {17},
year = {2008}
}


@article{Garcia-Carreras2011,
author = {Garc\'{\i}a-Carreras, Bernardo and Reuman, Daniel C},
doi = {10.1111/j.1365-2656.2011.01833.x},
issn = {1365-2656},
journal = {Journal of Animal Ecology},
month = sep,
number = {5},
pages = {1042--1048},
pmid = {21466552},
title = {{An empirical link between the spectral colour of climate and the spectral colour of field populations in the context of climate change.}},
volume = {80},
year = {2011}
}

@article{Garcia-Navas2015,
author = {Garc{\'{i}}a-Navas, Vicente and Bonnet, Timoth\'{e}e and Waldvogel, Dominique and Wandeler, Peter and Camenisch, Glauco and Postma, Erik},
doi = {10.1016/j.biocon.2015.06.021},
issn = {00063207},
journal = {Biological Conservation},
pages = {168--177},
publisher = {Elsevier B.V.},
title = {{Gene flow counteracts the effect of drift in a Swiss population of snow voles fluctuating in size}},
volume = {191},
year = {2015}
}

@article{Garcia-Navas2016,
author = {Garc{\'{i}}a-Navas, Vicente and Bonnet, Timoth{\'{e}}e and Waldvogel, Dominique and Camenisch, Glauco and Postma, Erik},
issn = {1045-2249},
journal = {Behavioral Ecology},
number = {4},
pages = {1158--1166},
title = {{Consequences of natal philopatry for reproductive success and mate choice in an Alpine rodent}},
volume = {27},
year = {2016}
}

@article{Garcia-Navas2015a,
author = {Garc{\'{i}}a-Navas, Vicente and Bonnet, Timoth{\'{e}}e and Bonal, Ra{\'{u}}l and Postma, Erik},
doi = {10.1111/ecog.01659},
issn = {00301299},
journal = {Oikos},
volume = {early view},
title = {{The role of fecundity and sexual selection in the evolution of size and sexual size dimorphism in New World and Old World voles (Rodentia: Arvicolinae)}},
year = {2016}
}


@article{Gienapp2008,
author = {Gienapp, P and Teplitsky, C and Alho, J S and Mills, J A and Meril\"a, J},
file = {:C$\backslash$:/Users/Marjolein/AppData/Local/Mendeley Ltd./Mendeley Desktop/Downloaded/Gienapp, Teplitsky, Alho - 2008 - Climate change and evolution disentangling environmental and genetic responses.pdf:pdf},
journal = {Molecular Ecology},
volume = {17},
number = {1},
pages = {167--178},
title = {{Climate change and evolution: disentangling environmental and genetic responses}},
year = {2008}
}

@incollection{Gienapp2014,
author= {Gienapp, Phillip and Brommer, Jon E.},
title={{Evolutionary dynamics in response to climate change}},
editor={Charmentier, Anne and Garant, Dany and  Kruuk, Loeske E. B.},
booktitle={Quantitative genetics in the wild},
publisher={Oxford University Press, Oxford},
address={Oxford},
pages = {254--273},
year= {2014}
}

@article{Gillespie2008,
author = {Gillespie, Duncan O S and Russell, Andrew F and Lummaa, Virpi},
doi = {10.1098/rspb.2007.1000},
journal = {Proceedings of the Royal Society of London B: Biological Sciences},
month = mar,
number = {1635},
pages = {713--22},
pmid = {18211874},
title = {{When fecundity does not equal fitness: evidence of an offspring quantity versus quality trade-off in pre-industrial humans.}},
volume = {275},
year = {2008}
}

@manual{Gilmour2014,
    author = {Gilmour, A R and Gogel,B J and Cullis,B R  and Welham,S J  and Thompson, R},
    title = {{ASReml User Guide Release 3.0}},
		publisher = {VSN International Ltd, Hemel Hempstead, UK},
    year = {2014}
}

@article{Gimenez2010,
author = {Gimenez, O and Choquet, R},
journal = {Ecology},
number = {4},
pages = {951--957},
title = {{Individual heterogeneity in studies on marked animals using numerical integration: capture-recapture mixed models}},
volume = {91},
year = {2010}
}

@article{Gobiet2014,
author = {Gobiet, Andreas and Kotlarski, Sven and Beniston, Martin and Heinrich, Georg and Rajczak, Jan and Stoffel, Markus},
journal = {Science of the Total Environment},
pages = {1138--1151},
pmid = {23953405},
title = {{21st century climate change in the European Alps-A review}},
volume = {493},
year = {2014}
}

@article{Gonzalez2013a,
author = {Gonzalez, Andrew and Ronce, Oph{\'{e}}lie and Ferriere, Regis and Hochberg, Michael E},
doi = {10.1098/rstb.2012.0404},
journal = {Philosophical Transactions of the Royal Society B: Biological Sciences},
number = {1610},
pages = {20120404},
title = {{Evolutionary rescue: an emerging focus at the intersection between ecology and evolution.}},
volume = {368},
year = {2013}
}

@article{Gonzalez-Suarez2011,
author = {Gonz\'{a}lez-Su\'{a}rez, Manuela and {Le Galliard}, Jean-Fran\c{c}ois and Claessen, David},
doi = {10.1086/661906},
journal = {The American Naturalist},
month = oct,
number = {4},
pages = {525--37},
pmid = {21956030},
title = {{Population and life-history consequences of within-cohort individual variation.}},
volume = {178},
year = {2011}
}

@article{Goodwin2016,
author = {Goodwin, Sara and McPherson, John D. and McCombie, W. Richard},
doi = {10.1038/nrg.2016.49},
issn = {1471-0056},
journal = {Nature Reviews Genetics},
number = {6},
pages = {333--351},
title = {{Coming of age: ten years of next-generation sequencing technologies}},
volume = {17},
year = {2016}
}


@article{Gotanda2015,
author = {Gotanda, Kiyoko M. and Correa, Cristi\'{a}n and Turcotte, Martin M. and Rolshausen, Gregor and Hendry, Andrew P.},
doi = {10.1111/evo.12653},
issn = {00143820},
journal = {Evolution},
mendeley-groups = {Bibliography for papers/SelectionMorphoSnowVole},
volume = {69},
issue = {5},
pages = {1345--1354},
title = {{Linking macro-trends and micro-rates: re-evaluating micro-evolutionary support for Cope's rule}},
year = {2015}
}

@article{Grafen2007,
author = {Grafen, Alan},
doi = {10.1111/j.1420-9101.2007.01321.x},
issn = {1010-061X},
journal = {Journal of Evolutionary Biology},
number = {4},
pages = {1243--54},
pmid = {17584220},
title = {{The formal Darwinism project: a mid-term report.}},
volume = {20},
year = {2007}
}

@article{Grafen2014,
author = {Grafen, Alan},
doi = {10.1007/s10539-013-9414-y},
issn = {0169-3867},
journal = {Biology {\&} Philosophy},
month = {jan},
number = {2},
pages = {155--174},
title = {{The formal darwinism project in outline}},
volume = {29},
year = {2014}
}

@article{Grant2002,
author = {Grant, Peter R and Grant, B Rosemary},
journal = {Science},
number = {5568},
pages = {707--711},
pmid = {11976447},
title = {{Unpredictable evolution in a 30-year study of Darwin's finches.}},
volume = {296},
year = {2002}
}

@article{Gubbay1990,
author = {Gubbay, John and  Collignon, Jerome and Koopman, Peter and Capel, Blanche and Economou, Androulla and Munsterberg, Andrea and  Vivian, Nigel and Goodfellow, Peter and Lovell-Badge, Robin},
title = {{ A gene mapping to the sex-determining region of the mouse Y chromosome is a member of a novel family of embryonically expressed genes}},
journal = {Nature},
volume = {346},
issue = {6281},
pages = {245--250},
year = {1990}
}

@article{Guillemain2013,
author = {Guillemain, Matthieu and Green, Andy J. and Simon, G\'{e}raldine and Gauthier-Clerc, Michel},
journal = {Journal of Ornithology},
month = may,
number = {4},
pages = {1007--1018},
title = {{Individual quality persists between years: individuals retain body condition from one winter to the next in Teal}},
volume = {154},
year = {2013}
}

@article{Hadfield2006,
    title = {Towards unbiased parentage assignment: combining genetic,
      behavioural and spatial data in a Bayesian framework},
    author = {J.D. Hadfield and D.S. Richardson and T. Burke},
    year = {2006},
    journal = {Molecular Ecology},
    volume = {15},
    number = {12},
    pages = {3715--3730},
    month = {1},
  }

@article{Hadfield2008,
author = {Hadfield, Jarrod D},
doi = {10.1098/rspb.2007.1013},
issn = {0962-8452},
journal = {Proceedings of the Royal Society of London B: Biological Sciences},
month = mar,
number = {1635},
pages = {723--734},
pmid = {18211873},
title = {{Estimating evolutionary parameters when viability selection is operating.}},
volume = {275},
year = {2008}
}

@Article{Hadfield2010a,
   title = {MCMC Methods for Multi-Response Generalized Linear Mixed
     Models: The {MCMCglmm} {R} Package},
   author = {Jarrod D Hadfield},
   journal = {Journal of Statistical Software},
   year = {2010},
   volume = {33},
   number = {2},
   pages = {1--22},
}

@article{Hadfield2010b,
author = {Hadfield, Jarrod D and Wilson, Alastair J and Garant, Dany and Sheldon, Ben C and Kruuk, Loeske E B},
doi = {10.1086/648604},
issn = {1537-5323},
journal = {The American Naturalist},
month = jan,
number = {1},
pages = {116--125},
pmid = {19922262},
title = {{The misuse of BLUP in ecology and evolution.}},
volume = {175},
year = {2010}
}

@article{Hadfield2011,
author = {Hadfield, Jarrod D. and Wilson, Alastair J. and Kruuk, Loeske E. B.},
issn = {1943-2631},
journal = {Genetics},
month = {apr},
number = {4},
pages = {1099--113},
pmid = {21242534},
title = {{Cryptic evolution: does environmental deterioration have a genetic basis?}},
volume = {187},
year = {2011}
}

@incollection{Hadfield2012,
author = {Hadfield, Jarrod D},
year = {2012},
title = {{The quantitative genetic theory of parental effects}},
pages = {267--284},
booktitle = {The evolution of parental care},
editors = {Royle, J and Smiseth,  P. T. and Kolliker, M.},
publisher = {Oxford Univ. Press, Oxford, U. K.}
}

@article{Hairston2005,
author = {Hairston, Nelson G. and Ellner, Stephen P. and Geber, Monica A. and Yoshida, Takehito and Fox, Jennifer A.},
doi = {10.1111/j.1461-0248.2005.00812.x},
issn = {1461023X},
journal = {Ecology Letters},
month = oct,
number = {10},
pages = {1114--1127},
title = {{Rapid evolution and the convergence of ecological and evolutionary time}},
volume = {8},
year = {2005}
}

@article{Hansen2011,
author = {Hansen, Thomas F. and P\'{e}labon, Christophe and Houle, David},
doi = {10.1007/s11692-011-9127-6},
journal = {Evolutionary Biology},
keywords = {Evolvability,Genetic variance,Heritability,Measurement theory,Quantitative genetics,Scaling},
pages = {258--277},
title = {{Heritability is not evolvability}},
volume = {38},
year = {2011}
}

@article{Haring2000,
author = {Haring, E and Herzig-Straschil, B and Spitzenberger, F},
journal = {Journal of Zoological Systematics and Evolutionary Research},
pages = {231--238},
title = {{Phylogenetic analysis of Alpine voles of the \textit{Microtus multiplex} complex using the mitochondrial control region}},
volume = {38},
year = {2000}
}

@article{Hastings1993,
author = {Hastings, Alan and Hom, Carole L. and Ellner, Stephen and Turchin, Peter and Godfray, H. Charles J.},
journal = {Annual Review of Ecology and Systematics},
keywords = {stability},
number = {},
pages = {1--33},
title = {{Chaos in ecology: is mother nature a strange attractor?}},
volume = {24},
year = {1993}
}

@article{Heim2014,
author = {Heim, Noel A and Knope, Matthew L and Schaal, Ellen K and Wang, Steve C and Payne, Jonathan L},
journal = {Science},
number = {6224},
pages = {867--870},
title = {{Cope's rule in the evolution of marine animals}},
volume = {347},
year = {2014}
}

@article{Henderson1950,
author = {Henderson, CR},
year = {1950},
title = {{Estimation of genetic parameters}},
journal = {Annals of Mathematical Statistics},
volume = {21},
number = {2},
pages = {309--310}
}

@article{Henderson1975,
author = {Henderson, C. R.},
year = {1975},
title = {{Best linear unbiased estimation and prediction under a selection model.}},
journal = {Biometrics},
volume = {31},
pages ={423--447}
}

@article{Henderson1976,
author = {Henderson, CR},
year = {1976},
title = {{A simple method for computing the inverse of a numerator relationship matrix used in prediction of breeding values}},
journal = {Biometrics},
volume = {32},
number = {1},
pages = {69--83}
}

@book{henderson1984,
  title={{Applications of Linear Models in Animal Breeding}},
  author={Henderson, C R},
	publisher={University of Guelph Press},
	address={Guelph},
  year={1984}
}

@article{Hendry1999,
 author = {Hendry, Andrew P. and Kinnison, Michael T.},
 journal = {Evolution},
 number = {6},
 pages = {1637-1653},
 title = {Perspective: the pace of modern life: measuring rates of contemporary microevolution},
 volume = {53},
 year = {1999}
}

@article{Hereford2004,
author = {Hereford, Joe and Hansen, TF and Houle, David},
journal = {Evolution},
number = {10},
pages = {2133--2143},
title = {{Comparing strengths of directional selection: how strong is strong?}},
volume = {58},
year = {2004}
}

@article{Heywood2005,
author = {Heywood, JS},
journal = {Evolution},
number = {11},
pages = {2287--2298},
title = {{An exact form of the breeder's equation for the evolution of a quantitative trait under natural selection}},
volume = {59},
year = {2005}
}

@article{Hill1979,
author = {Hill, William G},
journal = {Genetics},
pages = {317--322},
title = {{A note on effective population size with overlapping generations}},
volume = {92},
year = {1979}
}

@article{Holt2004,
author = {Holt, Robert D and Barfield, Michael and Gomulkiewicz, Richard},
journal = {The American Naturalist},
keywords = {immigration,niche evolution,source-sink,temporal var-},
number = {2},
pages = {187--200},
title = {{Temporal variation can facilitate niche evolution in harsh sink environments}},
volume = {164},
year = {2004}
}

@article{Horvitz2010,
author = {Horvitz, Carol and Coulson, Tim and Tuljapurkar, Shripad and Schemske, Douglas W},
file = {:home/koen/.local/share/data/Mendeley Ltd./Mendeley Desktop/Downloaded/Horvitz et al. - 2010 - A new way to integrate selection when both demography and selection gradients vary over time.pdf:pdf},
journal = {International Journal of Plant Sciences},
number = {9},
pages = {945--959},
title = {{A new way to integrate selection when both demography and selection gradients vary over time}},
volume = {171},
year = {2010}
}

@book{Hosmer2013,
address = {Hoboken, New Jersey},
author = {Hosmer, David W and Lemeshow, Stanley and Sturdivant, Rodney X},
doi = {10.1002/0471722146},
Publisher = {Wiley},
isbn = {0471356328},
keywords = {covariate pattern,goodness-of-fit,m-symptotics},
mendeley-groups = {Softwares and methods/Linear Models,Bibliography for papers/Neutral Simul VS MM},
title = {{Applied logistic regression, third edition}},
year = {2013}
}

@article{Houseknecht1998,
author = {Houseknecht, K L and Baile, C A and Matteri, R L and Spurlock, M E},
journal = {Journal of Animal Science},
pages = {1405--1420},
title = {{The biology of leptin : a review}},
volume = {76},
year = {1998}
}

@article {Huang041434,
	author = {Huang, Wen and Mackay, Trudy F.C.},
	title = {The genetic architecture of quantitative traits cannot be inferred from variance component analysis},
	year = {2016},
	doi = {10.1101/041434},
	publisher = {Cold Spring Harbor Labs Journals},
	eprint = {http://biorxiv.org/content/early/2016/02/26/041434.full.pdf},
	journal = {bioRxiv}
}

@article{Hunt2004a,
author = {Hunt, John and Bussi{\`{e}}re, Luc F. and Jennions, Michael D. and Brooks, Robert},
doi = {10.1016/j.tree.2004.03.035},
journal = {Trends in Ecology and Evolution},
number = {6},
pages = {329--333},
pmid = {16701279},
title = {{What is genetic quality?}},
volume = {19},
year = {2004}
}

@article{Husby2011,
author = {Husby, Arild and Visser, Marcel E. and Kruuk, Loeske E B},
doi = {10.1371/journal.pbio.1000585},
journal = {PLoS Biology},
number = {2},
pages = {e1000585},
pmid = {21408101},
title = {{Speeding up microevolution: The effects of increasing temperature on selection and genetic variance in a wild bird population}},
volume = {9},
year = {2011}
}

@article{Illius2007,
author = {Illius, A. W. and Tolkamp, B. J. and Yearsley, J.},
doi = {10.1079/PNS2002179},
journal = {Proceedings of the Nutrition Society},
month = mar,
number = {04},
pages = {465--472},
title = {{The evolution of the control of food intake}},
volume = {61},
year = {2007}
}

@article{ipcc,
  title={Climate change 2014: impacts, adaptation, and vulnerability},
  author={Field, Christopher B and Barros, Vicente R and Mach, K and Mastrandrea, M},
  journal={Contribution of Working Group II to the Fifth Assessment Report of the Intergovernmental Panel on Climate Change},
  year={2014}
}

@article{Ives2012,
author = {Ives, A R and Dakos, V},
journal = {Ecosphere},
number = {6},
title = {{Detecting dynamical changes in nonlinear time series using locally linear state-space models}},
volume = {3},
year = {2012}
}

@article{Janeau1997,
author = {Janeau, G and Aulagnier, S},
journal = {IBEX Journal of Mountain Ecology},
pages = {1--11},
title = {{Snow vole - \textit{Chionomys nivalis} (Martins 1842)}},
volume = {4},
year = {1997}
}

@incollection{Jensen2014,
author= {Jensen, Henrik and Szulkin, Marta and Slate, Jon},
title={{Molecular quantitative genetics}},
editor={Charmentier, Anne and Garant, Dany and  Kruuk, Loeske E. B.},
booktitle={Quantitative Genetics in the Wild},
publisher={Oxford University Press},
address={Oxford},
year= 2014
}

@article{Jones1987,
author = {Jones, J S},
journal = {Trends in Ecology \& Evolution},
number = {2},
pages = {35--36},
title = {{The heritability of fitness: bad news for good genes?}},
volume = {2},
year = {1987}
}

@article{Jones2003,
author = {Jones, Adam G and Arnold, Stevan J and B{\"{u}}rger, Reinhard},
doi = {10.1111/j.0014-3820.2003.tb00583.x},
isbn = {0014-3820},
issn = {0014-3820},
journal = {Evolution},
number = {8},
pages = {1747--1760},
pmid = {14503617},
title = {{Stability of the G-matrix in a population experiencing pleiotropic mutation, stabilizing selection, and genetic drift.}},
volume = {57},
year = {2003}
}

@article{Jones2004,
author = {Jones, Adam G and Arnold, Stevan J and B{\"{u}}rger, Reinhard},
doi = {10.1554/03-651},
journal = {Evolution},
number = {8},
pages = {1639--1654},
pmid = {15446419},
title = {{Evolution and stability of the g-matrix on a landscape with a moving optimum}},
volume = {58},
year = {2004}
}

@article{Jones2010,
author = {Jones, Owen R. and Wang, Jinliang},
doi = {10.1111/j.1755-0998.2009.02787.x},
journal = {Molecular Ecology Resources},
pages = {551--555},
title = {{COLONY : a program for parentage and sibship inference from multilocus genotype data}},
volume = {10},
year = {2010}
}

@article{Jones2012,
author = {Jones, Emily I. and Gomulkiewicz, Richard},
doi = {10.1086/663678},
journal = {The American Naturalist},
month = feb,
number = {2},
pages = {E28--E36},
title = {{Biotic interactions, rapid evolution, and the establishment of introduced species}},
volume = {179},
year = {2012}
}

@article{Karell2011,
author = {Karell, Patrik and Ahola, Kari and Karstinen, Teuvo and Valkama, Jari and Brommer, Jon E},
journal = {Nature Communications},
pages = {208},
title = {{Climate change drives microevolution in a wild bird.}},
volume = {2},
year = {2011}
}

@article{Keller2002,
author = {Keller, LF and Waller, DM},
journal = {Trends in Ecology \& Evolution},
number = {5},
pages = {19--23},
title = {{Inbreeding effects in wild populations}},
volume = {17},
year = {2002}
}

@article{Kendall2011,
author = {Kendall, Bruce E. and Fox, Gordon A. and Fujiwara, Masami and Nogeire, Theresa M.},
journal = {Ecology},
number = {10},
pages = {1985--1993},
pmid = {22073789},
title = {{Demographic heterogeneity, cohort selection, and population growth}},
volume = {92},
year = {2011}
}

@article{Kerr2009,
author = {Kerr, Benjamin and Godfrey-Smith, P},
doi = {10.1111/j.l558-5646.2008.00570.x},
journal = {Evolution},
number = {2},
pages = {531--536},
title = {{Generalization of the Price equation for evolutionary change}},
url = {http://onlinelibrary.wiley.com/doi/10.1111/j.1558-5646.2008.00570.x/full},
volume = {63},
year = {2009}
}

@article{Ketola2014,
author = {Ketola, Tarmo and Kellermann, Vanessa M and Loeschcke, Volker and L\'{o}pez-Sepulcre, Andr\'{e}s and Kristensen, Torsten N},
doi = {10.1111/evo.12285},
journal = {Evolution},
month = feb,
number = {2},
pages = {587--94},
pmid = {24168320},
title = {{Does environmental robustness play a role in fluctuating environments?}},
volume = {68},
year = {2014}
}

@article{Kingsolver2001,
author = {Kingsolver, J. G. and Hoekstra, J. M. and Berrigan, D. and Vignieri, S. N. and Hill, C. E. and Hoang, A and Gibert, P and Beerli, P},
journal = {The American Naturalist},
number = {3},
pages = {245--261},
title = {{The strength of phenotypic selection in natural populations}},
volume = {157},
year = {2001}
}

@article{Kingsolver2011,
author = {Kingsolver, Joel G and Diamond, Sarah E},
doi = {10.1086/658341},
journal = {The American Naturalist},
number = {3},
pages = {346--57},
pmid = {21460543},
title = {{Phenotypic selection in natural populations: what limits directional selection?}},
volume = {177},
year = {2011}
}

@article{Kingsolver2012,
author = {Kingsolver, Joel G. and Diamond, Sarah E. and Siepielski, Adam M. and Carlson, Stephanie M.},
journal = {Evolutionary Ecology},
number = {5},
pages = {1101--1118},
title = {{Synthetic analyses of phenotypic selection in natural populations: lessons, limitations and future directions}},
volume = {26},
year = {2012}
}

@incollection{Kirschner2010,
author = {Kirschner, Marc W and Gerhart, John C},
title = {{Facilitated variation}},
year = {2010},
booktitle = {{Evoution. The extended synthesis}},
editor = {Pigliucci, Massimo and M\"uller, Greb B},
publisher = {The MIT press, Cambridge, Massachusetts, USA}
}

@article{Kirkpatrick1992,
author = {Kirkpatrick, Mark and Lofsvold, David},
journal = {Evolution},
number = {4},
pages = {954--971},
title = {{Measuring selection and constraint in the evolution of growth}},
url = {http://www.jstor.org/stable/10.2307/2409749},
volume = {46},
year = {1992}
}

@article{Kleinen2003,
author = {Kleinen, Thomas and Held, Hermann and Petschel-Held, Gerhard},
doi = {10.1007/s10236-002-0023-6},
issn = {1616-7341},
journal = {Ocean Dynamics},
month = jun,
number = {2},
pages = {53--63},
title = {{The potential role of spectral properties in detecting thresholds in the Earth system: application to the thermohaline circulation}},
volume = {53},
year = {2003}
}


@article{Kolliker2015,
author = {K{\"{o}}lliker, Mathias and Boos, Stefan and Wong, Janine W.Y. and R{\"{o}}llin, Lilian and Stucki, Dimitri and Raveh, Shirley and Wu, Min and Meunier, Jo{\"{e}}l},
journal = {Nature Communications},
pages = {6850},
title = {{Parent-offspring conflict and the genetic trade-offs shaping parental investment}},
volume = {6},
year = {2015}
}

@article{Konukoglu2013,
author = {Konukoglu, Ender and Glocker, Ben and Zikic, Darko and Criminisi, Antonio},
file = {:home/koen/.local/share/data/Mendeley Ltd./Mendeley Desktop/Downloaded/Konukoglu et al. - 2013 - Neighbourhood Approximation using Randomized Forests.pdf:pdf},
journal = {Medical Image Analysis},
keywords = {approximate nearest neighbours,patch-based segmentation, random decision forests},
title = {{Neighbourhood Approximation using Randomized Forests}},
volume = {17},
number = {7},
pages = {75--82},
year = {2013}
}

@article{Kou2003,
author = {Kou, S G and Wang, H},
file = {:home/koen/.local/share/data/Mendeley Ltd./Mendeley Desktop/Downloaded/Kou, Wang - 2003 - First passage times of a jump diffusion process.pdf:pdf},
journal = {Advances in Applied Probability},
number = {2},
pages = {504--531},
title = {{First passage times of a jump diffusion process}},
volume = {35},
year = {2003}
}

@article{Kovach2012,
author = {Kovach, Ryan P. and Gharrett, Anthony J. and Tallmon, David A.},
journal = {Proceedings of the Royal Society of London B: Bioligical Sciences},
number = {1743},
pages = {3870--3878},
title = {{Genetic change for earlier migration timing in a pink salmon population}},
volume = {279},
year = {2012}
}

@article{Krimbas2004,
author = {Krimbas, Costas B.},
doi = {10.1023/B:BIPH.0000024402.80835.a7},
journal = {Biology \& Philosophy},
month = mar,
number = {2},
pages = {185--203},
title = {{On fitness}},
volume = {19},
year = {2004}
}

@article{Kruuk2004,
author = {Kruuk, L E B},
file = {:home/marjob/.local/share/data/Mendeley Ltd./Mendeley Desktop/Downloaded/Kruuk - 2004 - Estimating genetic parameters in natural populations using the 'animal model'.pdf:pdf},
journal = {Philosophical Transactions of the Royal Society B: Biological Sciences},
mendeley-groups = {AquaticEctotherms,DecomposingDynamics},
title = {{Estimating genetic parameters in natural populations using the 'animal model'}},
volume = {359},
number = {1446},
pages = {873--890},
year = {2004}
}

@article{Kruuk2007,
author = {Kruuk, L E B and Hadfield, J D},
doi = {10.1111/j.1420-9101.2007.01377.x},
journal = {Journal of Evolutionary Biology},
month = sep,
number = {5},
pages = {1890--903},
title = {{How to separate genetic and environmental causes of similarity between relatives}},
volume = {20},
year = {2007}
}

@incollection{Kruuk2014,
author= {Kruuk, L E B and Charmantier, A and Garant, D},
title={{The study of quantitative genetics in wild populations}},
editor={Charmentier, Anne and Garant, Dany and  Kruuk, Loeske E. B.},
booktitle={Quantitative Genetics in the Wild},
publisher={Oxford University Press},
address={Oxford},
year= 2014
}

@article{Lamichhaney2016,
author = {Lamichhaney, S. and Han, F. and Berglund, J. and Wang, C. and Almen, M. S. and Webster, M. T. and Grant, B. R. and Grant, P. R. and Andersson, L.},
doi = {10.1126/science.aad8786},
journal = {Science},
number = {6284},
pages = {470--474},
title = {{A beak size locus in Darwins finches facilitated character displacement during a drought}},
volume = {352},
year = {2016}
}

@article{Lande1976,
author = {Lande, Russell},
journal = {Evolution},
number = {2},
pages = {314--334},
title = {{Natural selection and random genetic drift in phenotypic evolution}},
volume = {30},
year = {1976}
}

@article{Lande1979,
  title={Quantitative genetic analysis of multivariate evolution, applied to brain: body size allometry},
  author={Lande, Russell},
  journal={Evolution},
  pages={402--416},
  year={1979},
}


@article{Lande1983,
author = {Lande, R and Arnold, S J},
title = {{The measurement of selection on correlated characters}},
journal ={Evolution},
volume = {37},
number ={6},
pages = {1210--1226},
year = {1983}
}

@article{LangoAllen2010,
author = {{Lango Allen}, Hana and Estrada, Karol and Lettre, Guillaume and Berndt, Sonja I and Weedon, Michael N and Rivadeneira, Fernando and Willer, Cristen J and Jackson, Anne U and Vedantam, Sailaja and Raychaudhuri, Soumya and Ferreira, Teresa and Wood, Andrew R},
doi = {10.1038/nature09410},
journal = {Nature},
number = {7317},
pages = {832--8},
title = {{Hundreds of variants clustered in genomic loci and biological pathways affect human height.}},
volume = {467},
year = {2010}
}

@article{Lavergne2010,
author = {Lavergne, S and Mouquet, N and Thuiller, W and Ronce, O},
file = {:home/marjob/.local/share/data/Mendeley Ltd./Mendeley Desktop/Downloaded/Lavergne, Mouquet - 2010 - Biodiversity and climate change integrating evolutionary and ecological responses of species and communiti(2).pdf:pdf},
journal = {Annual Review of Ecology, Evolution, and Systematics},
mendeley-groups = {AquaticEctotherms},
title = {{Biodiversity and climate change: integrating evolutionary and ecological responses of species and communities}},
volume = {41},
pages = {321--350},
year = {2010}
}

@article{Leblois2009,
author={Leblois, R. and Estoup, A. and Rousset, F.},
journal = {Molecular Ecology Resources},
title = {{IBD Sim: A computer program to simulate genotypic data under Isolation by Distance}},
volume = {9},
pages = {107--109},
year = {2009}
}

@Article{Lehmann2014,
author={Lehmann, Laurent and Rousset, Fran{\c{c}}ois},
title={{Fitness, inclusive fitness, and optimization}},
journal={Biology {\&} Philosophy},
year={2014},
volume={29},
number={2},
pages={181--195}
}

@article{Liedvogel2012,
author = {Liedvogel, Miriam and Cornwallis, Charlie K and Sheldon, Ben C},
doi = {10.1111/j.1420-9101.2012.02480.x},
issn = {1420-9101},
journal = {Journal of Evolutionary Biology},
number = {5},
pages = {813--23},
pmid = {22409177},
title = {{Integrating candidate gene and quantitative genetic approaches to understand variation in timing of breeding in wild tit populations.}},
volume = {25},
year = {2012}
}


@article{Luque-Larena2001,
author = {Luque-Larena, Juan J. and L{\'{o}}pez, Pilar and Gos{\'{a}}lbez, Joaquim},
doi = {10.1006/anbe.2001.1865},
issn = {00033472},
journal = {Animal Behaviour},
month = {dec},
number = {6},
pages = {1089--1095},
title = {{Scent matching modulates space use and agonistic behaviour between male snow voles,\textit{Chionomys nivalis}}},
volume = {62},
year = {2001}
}

@article{Luque-larena2002,
author = {Luque-larena, Juan Jos{\'{e}} and L{\'{o}}pez, Pilar and Gos{\'{a}}lbez, Joaquim},
doi = {10.1139/Z01-197},
journal = {Canadian Journal of Zoology},
pages = {36--41},
title = {{Microhabitat use by the snow vole \textit{Chionomys nivalis} in alpine environments reflects rock-dwelling preferences}},
volume = {80},
year = {2002}
}

@article{Luque-larena2004,
author = {Luque-larena, Juan Jos{\'{e}} and L{\'{o}}pez, Pilar and Gos{\'{a}}lbez, Joaquim},
doi = {10.1139/Z04-083},
journal = {Canadian Journal of Zoology},
pages = {1051--1060},
title = {{Spacing behavior and morphology predict promiscuous mating strategies in the rock- dwelling snow vole, \textit{Chionomys nivalis}}},
volume = {82},
year = {2004}
}

@book{Lush1937,
author = {Lush, J},
title = {{Animal breeding plans}},
publisher = {Iowa State College Press},
address = {Ames, Iowa},
year = {1937}
}

@book{Lynch1998,
    author = {Lynch, Michael and Walsh, Bruce},
    howpublished = {Hardcover},
    publisher = {Sinauer Associates},
    title = {{Genetics and Analysis of Quantitative Traits}},
    year = {1998}
}

@book{Lynch2014,
author = {Lynch, Michael and Walsh, Bruce},
title = {{Evolution and Selection of Quantitative Traits}},
note = {online version 30 December 2014},
publisher = {Sinauer},
address = {Sunderland, Massachusetts, USA},
year = {2014}
}

@article{Marshall1998,
author = {Marshall, TC and Slate, J and Kruuk, Loeske E.B. and Pemberton, Josephine M},
journal = {Molecular Ecology},
pages = {639--655},
title = {{Statistical confidence for likelihood-based paternity inference in natural populations}},
volume = {7},
year = {1998}
}

@article{Martinoli2001,
author = {Martinoli, Adriano and Preatoni, Damiano G. and Chiarenzi, Barbara and Wauters, Luc a. and Tosi, Guido},
doi = {10.1016/S1146-609X(01)01102-X},
issn = {1146609X},
journal = {Acta Oecologica},
mendeley-groups = {Snow voles,Bibliography for papers/Coupled EvoDemo},
month = {jan},
number = {1},
pages = {45--53},
title = {{Diet of stoats (\textit{Mustela erminea}) in an Alpine habitat:The importance of fruit consumption in summer}},
volume = {22},
year = {2001}
}


@article{Matsumoto1998,
author = {Matsumoto, M. and Nishimura,T. },
journal = {ACM Transactions on Modeling and Computer Simulation},
pages = {3--30},
title = {{Mersenne Twister: A 623-dimensionally equidistributed uniform pseudo-random number generator}},
volume = {8},
number = {1},
year={1998}
}

@article{Mauck2012,
author = {Mauck, Robert a. and Huntington, Charles E. and {Doherty Jr}, Paul F.},
doi = {10.1111/j.1600-0706.2012.20271.x},
journal = {Oikos},
month = sep,
number = {9},
pages = {1379--1390},
title = {{Experience versus effort: what explains dynamic heterogeneity with respect to age?}},
volume = {121},
year = {2012}
}

@incollection{McAdam2014,
author= {McAdam, Andrew G. and Garant, Dany and Wilson, Alastair},
title={{The effects of others' genes: maternal and other indirect genetic effects}},
editor={Charmentier, Anne and Garant, Dany and  Kruuk, Loeske E. B.},
booktitle={Quantitative Genetics in the Wild},
publisher={Oxford University Press},
address={Oxford},
year= 2014
}


@article{Mackay2001,
abstract = {Phenotypic},
author = {Mackay, TF},
doi = {10.1146/annurev.genet.35.102401.090633},
issn = {0066-4197},
journal = {Annual Review of Genetics},
pages = {303--309},
pmid = {11700286},
title = {{The genetic architecture of quantitative traits}},
volume = {35},
year = {2001}
}

@article{McCarty2001,
author = {{Mc Carty}, John P},
journal = {Conservation Biology},
mendeley-groups = {Snow voles,Ecology/Global changes},
number = {2},
pages = {320--331},
title = {{Ecological Consequences of Recent Climate Change}},
volume = {15},
year = {2001}
}

@article{Mcglothlin2014,
author = {McGlothlin, Joel W. and Galloway, Laura F.},
doi = {10.1111/evo.12235},
issn = {15585646},
journal = {Evolution},
number = {2},
pages = {549--558},
pmid = {24099096},
title = {{The contribution of maternal effects to selection response: An empirical test of competing models}},
volume = {68},
year = {2014}
}

@article{Mcfarlane2015,
author = {Mcfarlane, S Eryn and Gorrell, Jamieson C and Coltman, David W and Humphries, Murray M and Boutin, Stan and Mcadam, Andrew G},
journal = {Proceedings of the Royal Society B: Biological Sciences},
pages = {20142422},
title = {{The nature of nurture in a wild mammal's fitness}},
volume = {282},
year = {2015}
}

@article{Meinshausen2010,
author = {Meinshausen, Nicolai and B\"{u}hlmann, P},
file = {:home/koen/.local/share/data/Mendeley Ltd./Mendeley Desktop/Downloaded/Meinshausen, B\"{u}hlmann - 2010 - Stability selection.pdf:pdf},
journal = {Journal of the Royal Statistical Society: Series B (Statistical Methodology)},
pages = {417--473},
title = {{Stability selection}},
volume = {72},
number = {4},
year = {2010}
}

@article{Merila2001a,
author = {Meril{\"{a}}, J and Kruuk, L E and Sheldon, B C},
journal = {Nature},
pages = {76--79},
pmid = {11452309},
title = {{Cryptic evolution in a wild bird population.}},
volume = {412},
year = {2001}
}

@article{Merila2001,
author = {Meril\"{a}, J and Sheldon, B C and Kruuk, L E B},
journal = {Genetica},
pages = {199--222},
title = {{Explaining stasis: microevolutionary studies in natural populations}},
volume = {112},
year = {2001}
}

@article{Merila2014,
author = {Meril{\"{a}}, Juha and Hendry, Andrew P.},
journal = {Evolutionary Applications},
number = {1},
pages = {1--14},
title = {{Climate change, adaptation, and phenotypic plasticity: The problem and the evidence}},
volume = {7},
year = {2014}
}

@article{merow2014,
  title={Advancing population ecology with integral projection models: a practical guide},
  author={Merow, Cory and Dahlgren, Johan P and Metcalf, C Jessica E and Childs, Dylan Z and Evans, Margaret EK and Jongejans, Eelke and Record, Sydne and Rees, Mark and Salguero-G{\'o}mez, Roberto and McMahon, Sean M},
  journal={Methods in Ecology and Evolution},
  volume={5},
  number={2},
  pages={99--110},
  year={2014},
  publisher={Wiley Online Library}
}

@article{metcalf2008evolution,
  title={Evolution of flowering decisions in a stochastic, density-dependent environment},
  author={Metcalf, C J E and Rose, K E and Childs, D Z and Sheppard, A W and Grubb, P J and Rees, M},
  journal={Proceedings of the National Academy of Sciences},
  volume={105},
  number={30},
  pages={10466--10470},
  year={2008},
  publisher={National Acad Sciences}
}


@article{metcalf2013,
  title={IPMpack: an R package for integral projection models},
  author={Metcalf, C Jessica E and McMahon, Sean M and Salguero-G{\'o}mez, Roberto and Jongejans, Eelke},
  journal={Methods in Ecology and Evolution},
  volume={4},
  number={2},
  pages={195--200},
  year={2013},
  publisher={Wiley Online Library}
}


@article{Milot2011,
author = {Milot, Emmanuel and Mayer, Francine M and Nussey, Daniel H and Boisvert, Mireille and Pelletier, Fanie and R{\'{e}}ale, Denis},
journal = {Proceedings of the National Academy of Sciences, USA},
number = {41},
pages = {17040--17045},
title = {{Evidence for evolution in response to natural selection in a contemporary human population}},
volume = {108},
year = {2011}
}

@article{Mitchell-Olds1987,
abstract = {Evolution},
author = {Mitchell-Olds, T and Shaw, R G},
journal = {Evolution},
number = {6},
pages = {1149--1161},
title = {{Regression analysis of natural selection: statistical inference and biological interpretation}},
volume = {41},
year = {1987}
}

@article{Mitton1993,
author = {Mitton, JB and Schuster, WSF and Cothran, EG and {De Fries}, JC},
journal = {Heredity},
number = {1},
pages = {59--63},
title = {{Correlation between the individual heterozygosity of parents and their offspring}},
volume = {71},
year = {1993}
}

@article{Morris1998,
author = {Morris, DW},
journal = {Oikos},
pages = {518--528},
title = {{State-dependent optimization of litter size}},
volume = {83},
year = {1998}
}

@article{Morrissey2010,
author = {Morrissey, M B and Kruuk, L E B and Wilson, A J},
doi = {10.1111/j.1420-9101.2010.02084.x},
issn = {1420-9101},
journal = {Journal of Evolutionary Biology},
month = nov,
number = {11},
pages = {2277--2288},
pmid = {20831731},
title = {{The danger of applying the breeder's equation in observational studies of natural populations.}},
volume = {23},
year = {2010}
}

@article{Morrissey2012sts,
author = {Morrissey, Michael B and Parker, Darren J and Korsten, Peter and Pemberton, Josephine M and Kruuk, Loeske E B and Wilson, Alastair J},
journal = {Evolution},
number = {8},
pages = {2399--2410},
title = {{The prediction of adaptive evolution: empirical application of the secondary theorem of selection and comparison to the breeder's equation}},
volume = {66},
year = {2012}
}

@article{Morrissey2012flusel,
author = {Morrissey, Michael B and Hadfield, Jarrod D},
doi = {10.1111/j.1558-5646.2011.01444.x},
journal = {Evolution},
month = feb,
number = {2},
pages = {435--442},
pmid = {22276539},
title = {{Directional selection in temporally replicated studies is remarkably consistent.}},
volume = {66},
year = {2012}
}

@article{Morrissey2012constraints,
author = {Morrissey, Michael B. and Walling, Craig a. and Wilson, Alastair J. and Pemberton, Josephine M. and Clutton-Brock, Tim H. and Kruuk, Loeske E. B.},
doi = {10.1086/664686},
journal = {The American Naturalist},
number = {4},
pages = {E97-- E114},
pmid = {22437186},
title = {{Genetic analysis of life-history constraint and evolution in a wild ungulate population}},
volume = {179},
year = {2012}
}

@article{Morrissey2014,
author = {Morrissey, Michael B},
journal = {Evolution},
number = {6},
pages = {1748--61},
pmid = {24611949},
title = {{Selection and evolution of causally covarying traits.}},
volume = {68},
year = {2014}
}

@article{Morrissey2015,
author = {Morrissey, Michael B.},
doi = {10.1111/evo.12728},
issn = {00143820},
journal = {Evolution},
number = {8},
pages = {2050--2066},
title = {{Evolutionary quantitative genetics of nonlinear developmental systems}},
volume = {69},
year = {2015}
}

@article{Mousseau1987,
author = {Mousseau, Timothy A and Roff, Derek A},
doi = {10.1038/hdy.1987.113},
journal = {Heredity},
month = oct,
number = {2},
pages = {181--197},
title = {{Natural selection and the heritability of fitness components}},
volume = {59},
year = {1987}
}

@phdthesis{Niederer2008,
    title    = {Das Verhalten der Schneemaus},
    school   = {Universit\"at Basel},
    author   = {Niederer, Arlette},
    year     = {2008}
}

@article{Nietlisbach2015,
author = {Nietlisbach, Pirmin and Hadfield, Jarrod D},
doi = {10.1111/evo.12704.This},
journal = {Evolution},
pages = {1--16},
pmid = {26100570},
title = {{Heritability of heterozygosity offers a new way of understanding why dominant gene action contributes to additive genetic variance}},
year = {2015}
}

@article{Norrdahl2002,
author = {Norrdahl, Kai and Korpima, Erkki},
journal = {Oikos},
pages = {331--345},
title = {{Changes in population structure and reproduction during a 3-yr population cycle of voles}},
volume = {96},
number = {2},
year = {2002}
}

@article{Orzack2011,
author = {Orzack, Steven Hecht and Steiner, Ulrich K. and Tuljapurkar, Shripad and Thompson, Paul},
journal = {Oikos},
month = mar,
number = {3},
pages = {369--380},
title = {{Static and dynamic expression of life history traits in the northern fulmar \emph{Fulmarus glacialis}}},
volume = {120},
year = {2011}
}

@article{Oswald1943,
author = {Oswald, TA and MacLeod, CM and McCarty, M},
year = {1944},
title = {{Studies on the chemical nature of the substance inducing transformation of pneumococcal types: induction of transformation by a desoxyribonucleic acid fraction isolated from pneumococcus type III}},
journal = {Journal of Experimental Medicine},
volume = {79},
number = {2}
} 

@article{Owens1999,
author = {Owens, I. P F and Wilson, K.},
doi = {10.1016/S0169-5347(98)01580-8},
journal = {Trends in Ecology \& Evolution},
number = {5},
pages = {170--172},
pmid = {972},
title = {{Immunocompetence: A neglected life history trait or conspicuous red herring?}},
volume = {14},
year = {1999}
}

@article{Ozgul2010,
author = {Ozgul, Arpat and Childs, Dylan Z and Oli, Madan K and Armitage, Kenneth B and Blumstein, Daniel T and Olson, Lucretia E and Tuljapurkar, Shripad and Coulson, Tim},
doi = {10.1038/nature09210},
issn = {0028-0836},
journal = {Nature},
number = {7305},
pages = {482--485},
publisher = {Nature Publishing Group},
title = {{Coupled dynamics of body mass and population growth in response to environmental change}},
volume = {466},
year = {2010}
}

@article{Ozgul2012,
author = {Ozgul, Arpat and Coulson, Tim and Reynolds, Alan and Cameron, Tom C and Benton, Tim G},
doi = {10.1086/664999},
issn = {1537-5323},
journal = {The American Naturalist},
month = may,
number = {5},
pages = {582--594},
pmid = {22504541},
title = {{Population responses to perturbations: the importance of trait-based analysis illustrated through a microcosm experiment.}},
volume = {179},
year = {2012}
}

@article{Ozgul2004,
author = {Ozgul, Arpat and Getz, Lowell L. and Oli, Madan K.},
doi = {10.1111/j.0021-8790.2004.00797.x},
file = {:home/koen/.local/share/data/Mendeley Ltd./Mendeley Desktop/Downloaded/Ozgul, Getz, Oli - 2004 - Demography of fluctuating populations temporal and phase-related changes in vital rates of Microtus ochrogaste.pdf:pdf},
issn = {0021-8790},
journal = {Journal of Animal Ecology},
month = mar,
number = {2},
pages = {201--215},
title = {{Demography of fluctuating populations: temporal and phase-related changes in vital rates of \emph{Microtus ochrogaster}}},
volume = {73},
year = {2004}
}

@article{Ozgul2009,
author = {Ozgul, Arpat and Tuljapurkar, Shripad and Benton, Tim G and Pemberton, Josephine M and Clutton-Brock, Tim H and Coulson, Tim},
doi = {10.1126/science.1173668},
issn = {1095-9203},
journal = {Science},
month = jul,
number = {5939},
pages = {464--467},
pmid = {19574350},
title = {{The dynamics of phenotypic change and the shrinking sheep of St. Kilda.}},
volume = {325},
year = {2009}
}

@article{parmesan2006,
  title={Ecological and evolutionary responses to recent climate change},
  author={Parmesan, Camille},
  journal={Annual Review of Ecology, Evolution, and Systematics},
  pages={637--669},
  year={2006},
  publisher={JSTOR}
}

@article{Pelletier2007,
author = {Pelletier, Fanie and Clutton-Brock, Tim and Pemberton, Josephine and Tuljapurkar, Shripad and Coulson, Tim}, 
title = {The evolutionary demography of ecological change: linking trait variation and population growth},
volume = {315}, 
number = {5818}, 
pages = {1571-1574}, 
year = {2007}, 
doi = {10.1126/science.1139024}, 
journal = {Science} 
}

@article{Pelletier2009,
author = {Pelletier, F. and Garant, D. and Hendry, A.P.},
journal = {Philosophical Transactions of the Royal Society B: Biological Sciences},
mendeley-groups = {AquaticEctotherms},
title = {{Eco-evolutionary dynamics}},
volume = {364},
number = {1523},
pages = {1483--1489},
year = {2009}
}

@article{Pelletier2012,
author = {Pelletier, Fanie and Moyes, Kelly and Clutton-Brock, Tim H and Coulson, Tim},
doi = {10.1098/rspb.2011.0827},
issn = {1471-2954},
journal = {Proceedings of the Royal Society of London B: Biological Sciences},
keywords = {Age Distribution,Animals,Climate,Deer,Deer: physiology,Environment,Phenotype,Population Density,Population Dynamics,Population Growth,Sex Ratio},
number = {1727},
pages = {394--401},
pmid = {21715404},
title = {{Decomposing variation in population growth into contributions from environment and phenotypes in an age-structured population.}},
volume = {279},
year = {2012}
}

@article{Peng1994,
author = {Peng, CK and Buldyrev, SV and Havlin, S},
journal = {Physical Review E},
number = {2},
pages = {1685--1689},
title = {{Mosaic organization of DNA nucleotides}},
volume = {49},
year = {1994}
}

@article{Pigeon2016,
author = {Pigeon, Gabriel and Festa-Bianchet, Marco and Coltman, David W. and Pelletier, Fanie},
doi = {10.1111/eva.12358},
issn = {17524571},
journal = {Evolutionary Applications},
month = {jan},
pages = {in press},
title = {{Intense selective hunting leads to artificial evolution in horn size}},
year = {2016}
}

@article{Pigliucci2009,
author = {Pigliucci, Massimo},
doi = {10.1111/j.1749-6632.2009.04578.x},
issn = {1749-6632},
journal = {Annals of the New York Academy of Sciences},
month = {jul},
pages = {218--28},
pmid = {19566710},
title = {{An extended synthesis for evolutionary biology.}},
volume = {1168},
year = {2009}
}

@book{Pigliucci2010,
year = {2010},
title = {{Evoution. The extended synthesis}},
author = {Pigliucci, Massimo and M\"uller, Greb B},
publisher = {The MIT press, Cambridge, Massachusetts, USA}
}

@book{Pinheiro2000,
author= {Pinheiro, Jose C. and Bates, Douglas M.},
title= {{Mixed-Effects Models in S and S-PLUS}},
series={ Statistics and Computing Series},
publisher={Springer-Verlag, New York, NY},
year={2000}
}

@article{Plard2012,
author = {Plard, F. and Bonenfant, C. and Delorme, D. and Gaillard, J.M.},
journal = {Theoretical Population Biology},
month = dec,
number = {4},
pages = {317--328},
publisher = {Elsevier Inc.},
title = {{Modeling reproductive trajectories of roe deer females: Fixed or dynamic heterogeneity?}},
volume = {82},
year = {2012}
}

@article{Plard2016,
author = {Plard, Floriane and Gaillard, Jean-Michel and Coulson, Tim and Tuljapurkar, Shripad},
doi = {10.1111/1365-2656.12477},
issn = {00218790},
journal = {Journal of Animal Ecology},
number = {2},
pages = {356--370},
title = {{Des diff{\'{e}}rences, pourquoi? Transmission, maintenance and effects of phenotypic variance}},
volume = {85},
year = {2016}
}

@inproceedings{Plummer2003,
    author = {Plummer, Martyn},
    booktitle = {Proceedings of the 3rd International Workshop on Distributed Statistical Computing},
    citeulike-article-id = {10263507},
    keywords = {jags, software, statistics},
    location = {Vienna, Austria},
    posted-at = {2012-01-25 04:38:13},
    priority = {0},
    title = {{JAGS}: A program for analysis of {Bayesian} graphical models using {Gibbs} sampling},
    year = {2003}
}

@article {Poissant2010,
author = {Poissant, Jocelyn and Wilson, Alastair J. and Coltman, David W.},
title = {{Sex-specific genetic variance and the evolution of sexual dimorphism : a systematic review of cross-sex genetic correlations}},
journal = {Evolution},
volume = {64},
number = {1},
pages = {97--107},
year = {2010},
}

@article{Post2009,
author = {Post, David M. and Palkovacs, Eric P.},
journal = {Philosophical Transactions of the Royal Society B: Biological Sciences},
mendeley-groups = {AquaticEctotherms},
title = {{Eco-evolutionary feedbacks in community and ecosystem ecology: interactions between the ecological theatre and the evolutionary play}},
volume = {364},
number = {1523},
pages = {1629--1640},
year = {2009}
}

@article{Postma2006,
author = {Postma, E},
doi = {10.1111/j.1420-9101.2005.01007.x},
journal = {Journal of Evolutionary Biology},
pages = {309--320},
title = {{Implications of the difference between true and predicted breeding values for the study of natural selection and micro-evolution}},
volume = {19},
year = {2006}
}

@article{Postma2007a,
author = {Postma, E and Visser, J and {Van Noordwijk}, A J},
journal = {Journal of Evolutionary Biology},
pages = {1823--1832},
title = {{Strong artificial selection in the wild results in predicted small evolutionary change}},
volume = {20},
year = {2007}
}

@incollection{Postma2014,
author= {Postma, Erik},
title={{Four decades of estimating heritabilities in wild vertebrate populations: improved methods, more data better estimates?}},
editor={Charmentier, Anne and Garant, Dany and  Kruuk, Loeske E. B.},
booktitle={Quantitative Genetics in the Wild},
publisher={Oxford University Press},
address={Oxford},
year= 2014
}

@article{Price1970,
  title={Selection and covariance.},
  author={Price, George R},
  journal={Nature},
  volume={227},
  pages={520--521},
  year={1970},
  publisher={London}
}

@article{Price1972cov,
author = {Price, GR},
title = {Extension of covariance selection mathematics},
journal = {Annals of Human Genetics},
volume = {35},
pages = {485--490},
year= {1972}
}

@article{Price1972fish,
author={Price, G.R.},
journal = {Annals of Human Genetics},
title = {{Fisher's fundamental theorem made clear}},
volume = {36},
number = {2},
pages = {129--140},
year={1972}
}

@article{Price1989,
author = {Price, Trevor and Liou, Lily},
journal = {The American Naturalist},
number = {6},
pages = {950--959},
title = {{Selection on clutch size in birds}},
volume = {134},
year = {1989}
}

@book{Price1996,
author= {Price, P. W.},
title={Biological evolution},
publisher={Saunders College Publishing, Philadelphia, PA.},
year=1996
}

@Manual{R2014,
    title = {R: A Language and Environment for Statistical Computing},
    author = {{R Core Team}},
    organization = {R Foundation for Statistical Computing},
    address = {Vienna, Austria},
    year = {2014},
    url = {http://www.R-project.org/},
  }

 @Manual{R2016,
    title = {R: A Language and Environment for Statistical Computing},
    author = {{R Core Team}},
    organization = {R Foundation for Statistical Computing},
    address = {Vienna, Austria},
    year = {2016},
    url = {http://www.R-project.org/},
  }

@article{Raj2008,
author = {Raj, Arjun and {van} Oudenaarden, Alexander},
journal = {Cell},
title = {{Stochastic gene expression and its consequences}},
volume = {135},
number =  {2},
pages = {216--226},
year = {2008}
}

@article{Rausher1992,
author = {Rausher, Mark D.},
journal = {Evolution},
number = {3},
pages = {616--626},
title = {{The measurement of selection on quantitative traits: biases due to environmental covariances between traits and fitness}},
volume = {46},
year = {1992}
}

@article{Reale2003,
author = {R\'{e}ale, Denis and McAdam, Andrew G. and Boutin, Stan and Berteaux, Dominique},
journal = {Proceedings of the Royal Society of London B: Biological Sciences},
title = {{Genetic and plastic responses of a northern mammal to climate change}},
volume = {270},
number = {1515},
pages = {591--596},
doi = {10.1098/rspb.2002.2224},
year = {2003}
}

@article{rees2009,
  title={Integral projection models for populations in temporally varying environments},
  author={Rees, Mark and Ellner, Stephen P},
  journal={Ecological Monographs},
  volume={79},
  number={4},
  pages={575--594},
  year={2009},
  publisher={Eco Soc America}
}

@article{rebke2012,
  title={From the Price equation to a decomposition of population change},
  author={Rebke, Maren},
  journal={Journal of Ornithology},
  volume={152},
  number={2},
  pages={555--559},
  year={2012},
  publisher={Springer}
}

@article{Rebke2010,
author = {Rebke, Maren and Coulson, Tim and Becker, Peter H. and Vaupel, James W.}, 
title = {Reproductive improvement and senescence in a long-lived bird},
volume = {107}, 
number = {17}, 
pages = {7841-7846}, 
year = {2010}, 
doi = {10.1073/pnas.1002645107}, 
journal = {Proceedings of the National Academy of Sciences, USA} 
}

@article{Reznick1996,
author = {Reznick, D N and Bryga, H A},
journal = {The American Naturalist},
number = {3},
pages = {339--359},
title = {{Life-history evolution in guppies (\textit{Poecilia reticulata}: Poeciliidae).5. Genetic basis of parallelism in life histories}},
volume = {147},
year = {1996}
}

@article{Reznick1997,
author = {Reznick, David N and Shaw, Frank H and Rodd, F Helen and Shaw, Ruth G},
journal = {Science},
pages = {1934--1937},
title = {{Evaluation of the Rate of Evolution in Natural Populations of Guppies (Poecilia reticulata)}},
volume = {275},
year = {1997}
}

@book{Ridley2004,
author={Ridley, M},
title={Evolution, 3rd ed.},
publisher={Blackwell Science},
year=2004
}

@article{Robertson1966,
author = {Robertson, A},
title = {{A mathematical model of the culling process in dairy cattle.}},
journal = {Animal Production},
volume = {8},
pages = {95--108},
year={1966}
}

@article{Robinson2008,
author = {Robinson, Matthew R. and Pilkington, Jill G. and Clutton-Brock, Tim H. and Pemberton, Josephine M. and Kruuk, Loeske E B},
doi = {10.1016/j.cub.2008.04.059},
journal = {Current Biology},
number = {10},
pages = {751--757},
title = {{Environmental Heterogeneity Generates Fluctuating Selection on a Secondary Sexual Trait}},
volume = {18},
year = {2008}
}

@article{Roff2000,
author = {Roff, Derek},
doi = {10.1046/j.1365-2540.2000.00695.x},
isbn = {0018-067X},
issn = {0018067X},
journal = {Heredity},
number = {2},
pages = {135--142},
pmid = {10762382},
title = {{The evolution of the G matrix: Selection or drift?}},
volume = {84},
year = {2000}
}


@article{Roff2007,
author = {Roff, Derek a.},
doi = {10.1111/j.1558-5646.2007.00100.x},
journal = {Evolution},
keywords = {Breeder's equation,G matrix,Microarrays,QTL analysis,Quantitative genetics},
number = {5},
pages = {1017--1032},
pmid = {17492957},
title = {{A centennial celebration for quantitative genetics}},
volume = {61},
year = {2007}
}

@article{Rollinson2015b,
author = {Rollinson, Njal and Rowe, Locke},
issn = {1558-5646},
journal = {Evolution},
number = {9},
pages = {2441--2451},
title = {{Persistent directional selection on body size and a resolution to the paradox of stasis}},
volume = {69},
year = {2015}
}

@incollection{Rotella2008,
author = {Rotella, Jay J},
booktitle = {Modeling Demographic Processes In Marked Populations. Series Environmental and Ecological Statistics, Vol 3.},
editor = {Thomson, David L and Cooch, Evan G and Conroy, Michael J},
pages = {157--172},
publisher = {Springer},
title = {{Estimating reproductive costs with multi-state mark-recapture models, multiple observable states, and temporary emigration}},
year = {2008}
}

@book{Rousset2004,
author = {Rousset, F},
title = {{Genetic structure and selection in subdivided populations}},
publisher = {Princeton, New Jersey, USA},
year = {2004}
}

@article{Royle2008,
author = {Royle, J Andrew},
journal = {Biometrics},
number = {2},
pages = {364--70},
title = {{Modeling individual effects in the Cormack-Jolly-Seber model: a state-space formulation.}},
volume = {64},
year = {2008}
}

@article{salguero2010,
  title={Matrix projection models meet variation in the real world},
  author={Salguero-G{\'o}mez, Roberto and De Kroon, Hans},
  journal={Journal of Ecology},
  volume={98},
  number={2},
  pages={250--254},
  year={2010},
  publisher={Wiley Online Library}
}

@article{Schauber2011,
author = {Schauber, Eric M and Goodwin, Brett J and Jones, Clive G and Ostfeld, Richard S},
journal = {Ecology},
number = {5},
pages = {1112--1118},
title = {{Spatial selection and inheritance: applying evolutionary concepts to population dynamics in heterogeneous space}},
volume = {88},
year = {2007}
}

@article{Scheffer2009,
author = {Scheffer, Marten and Bascompte, Jordi and Brock, William a and Brovkin, Victor and Carpenter, Stephen R and Dakos, Vasilis and Held, Hermann and van Nes, Egbert H and Rietkerk, Max and Sugihara, George},
doi = {10.1038/nature08227},
issn = {1476-4687},
journal = {Nature},
month = sep,
number = {7260},
pages = {53--59},
pmid = {19727193},
title = {{Early-warning signals for critical transitions.}},
volume = {461},
year = {2009}
}

@article{Scheffer2012,
author = {Scheffer, Marten and Carpenter, Stephen R and Lenton, Timothy M and Bascompte, Jordi and Brock, William a and Dakos, Vasilis and van de Koppel, Johan and van de Leemput, Ingrid a and Levin, Simon a and van Nes, Egbert H and Pascual, Mercedes and Vandermeer, John},
doi = {10.1126/science.1225244},
journal = {Science},
number = {6105},
pages = {344--348},
title = {{Anticipating critical transitions.}},
volume = {338},
year = {2012}
}

@article{Schiffers2013a,
author = {Schiffers, Katja and Bourne, Elizabeth C and Lavergne, S{\'{e}}bastien and Thuiller, Wilfried and Travis, Justin M J},
doi = {10.1098/rstb.2012.0083},
journal = {Philosophical Transactions of the Royal Society B: Biological Sciences},
number = {20120083},
pages = {20120083},
pmid = {23209165},
title = {{Limited evolutionary rescue of locally adapted populations facing climate change}},
volume = {368},
year = {2013}
}

@article{Schoener2011,
author = {Schoener, Thomas W.}, 
title = {{The newest synthesis: understanding the interplay of evolutionary and ecological dynamics}},
volume = {331}, 
number = {6016}, 
pages = {426-429}, 
year = {2011}, 
doi = {10.1126/science.1193954}, 
journal = {Science} 
}

@article{Schluter1991,
author = {Schluter, Dolph and Price, Trevor D. Price and Rowe, Locke},
journal = {Proceedings of the Royal Society of London B: Biological Sciences},
number = {1315},
pages = {11--17},
title = {{Conflicting selection pressures and life history trade-offs}},
volume = {246},
year = {1991}
}

@article{Self1987,
author = {Self, Steven G. and Liang, K Y},
journal = {Journal of the American Statistical Association},
number = {398},
pages = {605--610},
title = {{Asymptotic properties of maximum likelihood estimators and likelihood ratio tests under nonstandard conditions.}},
volume = {82},
year = {1987}
}

@article{Siepielski2009,
author = {Siepielski, Adam M. and Dibattista, Joseph D. and Carlson, Stephanie M.},
journal = {Ecology Letters},
pages = {1261--1276},
title = {{It's about time : the temporal dynamics of phenotypic selection in the wild}},
volume = {12},
year = {2009}
}

@article{Shaw2013,
author = {Shaw, R G and Shaw, F H},
doi = {10.1038/hdy.2013.42},
issn = {1365-2540},
journal = {Heredity},
month = {may},
number = {1},
pages = {13--20},
pmid = {23715015},
publisher = {Nature Publishing Group},
title = {{Quantitative genetic study of the adaptive process.}},
volume = {112},
year = {2014}
}

@article{Smallegange2013,
author = {Smallegange, Isabel M and Coulson, Tim},
doi = {10.1016/j.tree.2012.07.021},
issn = {0169-5347},
journal = {Trends in Ecology {\&} Evolution},
month = mar,
number = {3},
pages = {143--148},
pmid = {22944192},
publisher = {Elsevier Ltd},
title = {{Towards a general, population-level understanding of eco-evolutionary change.}},
volume = {28},
year = {2013}
}

@article{Smouse1999,
author = {Smouse, P E and Meagher, T R and Lobak, C J},
journal = {Journal of Evolutionary Biology},
number = {12},
pages = {1069--1077},
title = {{Parentage analysis in \textit{Chaemeclirium luteum} (L.) Gray (Liliaceae): why do some males have higher contributions?}},
volume = {12},
year = {1999}
}

@article{speakman2008,
  title={The physiological costs of reproduction in small mammals},
  author={Speakman, John R},
  journal={Philosophical Transactions of the Royal Society B: Biological Sciences},
  volume={363},
  number={1490},
  pages={375--398},
  year={2008},
  publisher={The Royal Society}
}

@book{Stearns1992,
author={Stearns,Stephen C.},
title={{The evolution of life histories}},
publisher={Oxford University Press, Oxford},
year=1992
}

@article{Stearns1986,
author = {Stearns, S. C. and Koella, J.C.},
doi = {10.2307/2408752},
journal = {Evolution},
keywords = {697},
number = {5},
pages = {893--913},
title = {{The evolution of phenotypic plasticity in life-history traits: Predictions of reaction norms for age and size at maturity.}},
volume = {40},
year = {1986}
}

@article{Steiner2010,
author = {Steiner, Ulrich K and Tuljapurkar, Shripad and Orzack, Steven Hecht},
journal = {Journal of Animal Ecology},
month = mar,
number = {2},
pages = {436--44},
pmid = {20102422},
title = {{Dynamic heterogeneity and life history variability in the kittiwake.}},
volume = {79},
year = {2010}
}

@article{Steiner2012,
author = {Steiner, Ulrich Karl and Tuljapurkar, Shripad},
journal = {Proceedings of the National Academy of Sciences, USA},
number = {12},
pages = {4684--4689},
title = {{Neutral theory for life histories and individual variability in fitness components}},
volume = {109},
year = {2012}
}

@article{Steinsland2014,
author = {Steinsland, Ingelin and Larsen, Camilla Thorrud and Roulin, Alexandre and Jensen, Henrik},
doi = {10.1111/evo.12380},
journal = {Evolution},
month = jun,
number = {6},
pages = {1735--1747},
pmid = {24673414},
title = {{Quantitative genetic modeling and inference in the presence of nonignorable missing data.}},
volume = {68},
year = {2014}
}

@article{Stinchcombe2008,
author = {Stinchcombe, John R and Agrawal, Aneil F and Hohenlohe, Paul a and Arnold, Stevan J and Blows, Mark W},
doi = {10.1111/j.1558-5646.2008.00449.x},
issn = {0014-3820},
journal = {Evolution},
number = {9},
pages = {2435--40},
pmid = {18616573},
title = {{Estimating nonlinear selection gradients using quadratic regression coefficients: double or nothing?}},
volume = {62},
year = {2008}
}

@article{Stinchcombe2014,
author = {Stinchcombe, John R and Simonsen, Anna K and Blows, Mark W},
doi = {10.1111/evo.12321},
issn = {1558-5646},
journal = {Evolution},
month = apr,
number = {4},
pages = {1188--1196},
pmid = {24274331},
title = {{Estimating uncertainty in multivariate responses to selection}},
volume = {68},
year = {2014}
}

@article{Tafani2013,
author = {Tafani, Marion and Cohas, Aur{\'{e}}lie and Bonenfant, Christophe and Gaillard, Jean-Michel and Allain{\'{e}}, Dominique},
journal = {Ecology},
number = {3},
pages = {580--586},
title = {{Decreasing litter size of marmots over time: a life history response to climate change ?}},
volume = {94},
year = {2013}
}

@incollection{Teplitsky2014,
author= {Teplistky, C\'eline and Robinson, Matthew R. and Meril\"a, Juha},
title={{Evolutionary potential and constraints in wild populations}},
editor={Charmentier, Anne and Garant, Dany and  Kruuk, Loeske E. B.},
booktitle={Quantitative genetics in the wild},
publisher={Oxford University Press},
address={Oxford},
year= 2014
}

@article {Thompson2011,
author = {Thompson, David J. and Hassall, Christopher and Lowe, Chris D. and Watts, Phillip C.},
title = {Field estimates of reproductive success in a model insect: behavioural surrogates are poor predictors of fitness},
journal = {Ecology Letters},
volume = {14},
number = {9},
publisher = {Blackwell Publishing Ltd},
issn = {1461-0248},
doi = {10.1111/j.1461-0248.2011.01655.x},
pages = {905--913},
year = {2011},
}

@article{vanTienderen2000,
author = {van Tienderen, Peter H.},
file = {:D$\backslash$:/Documents/Bibliography/Tienderen2000{\_}Elasticities and the link between demographic and evolutionary dynamics.pdf:pdf},
journal = {Ecology},
keywords = {demography,elasticities,elasticity path diagrams,life history traits,path analysis,quantitative genetics,selection,selection gradients},
number = {3},
pages = {666--679},
title = {{Elasticities and the link between demographic and evolutionary dynamics}},
volume = {81},
year = {2000}
}

@article{Tinbergen2004,
author = {Tinbergen, Joost M. and Sanz, Juan J.},
doi = {10.1093/beheco/arh045},
journal = {Behavioral Ecology},
number = {4},
pages = {525--533},
title = {{Strong evidence for selection for larger brood size in a great tit population}},
volume = {15},
year = {2004}
}

@article{traill2014demography,
  title={Demography, not inheritance, drives phenotypic change in hunted bighorn sheep},
  author={Traill, Lochran W and Schindler, Susanne and Coulson, Tim},
  journal={Proceedings of the National Academy of Sciences, USA},
  volume={111},
  number={36},
  pages={13223--13228},
  year={2014},
  publisher={National Acad Sciences}
}

@article{Trivers1974,
author = {Trivers, Robert L},
issn = {0003-1569},
journal = {American Zoologist},
pages = {249--264},
title = {{Parent-offspring conflict}},
volume = {14},
year = {1974}
}

@article{Tschirren2006,
author = {Tschirren, Barbara and Richner, Heinz},
doi = {10.1098/rspb.2006.3524},
journal = {Proceedings of the Royal Society B: Biological Sciences},
number = {1595},
pages = {1773--1777},
pmid = {16790410},
title = {{Parasites shape the optimal investment in immunity}},
volume = {273},
year = {2006}
}

@article{tuljapurkar2003,
  title={The many growth rates and elasticities of populations in random environments},
  author={Tuljapurkar, Shripad and Horvitz, Carol C and Pascarella, John B},
  journal={The American Naturalist},
  volume={162},
  number={4},
  pages={489--502},
  year={2003},
  publisher={JSTOR}
}

@article{Tuljapurkar2009,
author = {Tuljapurkar, Shripad and Steiner, Ulrich K and Orzack, Steven Hecht},
journal = {Ecology Letters},
month = jan,
number = {1},
pages = {93--106},
pmid = {19016825},
title = {{Dynamic heterogeneity in life histories.}},
volume = {12},
year = {2009}
}

@article{Turcotte2011,
author = {Turcotte, Martin M and Reznick, David N and Hare, J Daniel},
journal = {Evolutionary Ecology Research},
pages = {113--131},
title = {{Experimental assessment of the impact of rapid evolution on population dynamics}},
volume = {13},
year = {2011}
}

@article{Turcotte2013,
author = {Turcotte, Martin M. and Reznick,, David N. and Hare, J. Daniel},
doi = {10.1086/668078},
issn = {1537-5323},
journal = {The American Naturalist},
keywords = {clonal selection,community genetics,density-dependent selection,eco-evolutionary dynamic cycle,experimental evolution,rapid evolution},
language = {en},
mendeley-groups = {AquaticEctotherms},
month = may,
pages = {S46--57},
pmid = {23598359},
publisher = {University of Chicago PressChicago, IL},
title = {{Experimental test of an eco-evolutionary dynamic feedback loop between evolution and population density in the green peach aphid.}},
url = {http://www.jstor.org/stable/10.1086/668078},
volume = {181},
number = {S1},
year = {2013}
}

@article{Turner2009,
author = {Turner, Bryan M},
journal = {Philosophical Transactions of the Royal Society B: Biological Sciences},
month = nov,
number = {1534},
pages = {3403--18},
pmid = {19833651},
title = {{Epigenetic responses to environmental change and their evolutionary implications.}},
volume = {364},
year = {2009}
}


@article{Uyeda2011,
author = {Uyeda, J C and Hansen, Thomas F and Arnold, Stevan J . and Pienaar, Jason},
journal = {Proceedings of the National Academy of Sciences},
number = {38},
pages = {15908--15913},
title = {{The million-year wait for macroevolutionary bursts}},
volume = {108},
year = {2011}
}

@article{vanNoordwijk1986,
author = {van Noordwijk, Arie J and de Jong, G.},
journal = {The American Naturalist},
number = {1},
pages = {137--142},
title = {{Acquisition and allocation of resources: Their influence on variation in life history tactics}},
volume = {128},
year = {1986}
}

@inproceedings{VanNoordwijk1988a,
author = {{van Noordwijk}, A. J.},
booktitle = {Acta XIX Congressus Internationalis Orhithologici, Vol. II, University of Ottawa Press, Ottawa,},
title = {{Two-stage selection in which the first stage only reduces the environmental variation in body size in the great tit}},
year = {1988}
}

@article {vantHof2011,
	author = {van't Hof, Arjen E. and Edmonds, Nicola and Dal{\'i}kov{\'a}, Martina and Marec, F and Saccheri, Ilik J.},
	title = {Industrial melanism in British peppered moths Has a singular and recent mutational origin},
	volume = {332},
	number = {6032},
	pages = {958--960},
	year = {2011},
	issn = {0036-8075},
	journal = {Science}
}

@article{Vaupel1979,
author = {Vaupel, JW and Manton, KG and Stallard, E},
journal = {Demography},
number = {3},
pages = {439--454},
title = {{The impact of heterogeneity in individual frailty on the dynamics of mortality}},
volume = {16},
year = {1979}
}

@article{Vaupel1988,
author = {Vaupel, J W},
journal = {Demography},
number = {2},
pages = {277--287},
pmid = {3396752},
title = {{Inherited frailty and longevity.}},
volume = {25},
year = {1988}
}

@article{Vergara2012,
author = {Vergara, Pablo and Martinez-Padilla, J and Mougeot, F and Leckie, F and Redpath, S M},
journal = {Journal of Evolutionary Biology},
month = jan,
number = {1},
pages = {20--8},
pmid = {22022806},
title = {{Environmental heterogeneity influences the reliability of secondary sexual traits as condition indicators.}},
volume = {25},
year = {2012}
}

@article{vindenes2011,
  title={Integral projection models for finite populations in a stochastic environment},
  author={Vindenes, Yngvild and Engen, Steinar and S{\ae}ther, Bernt-Erik},
  journal={Ecology},
  volume={92},
  number={5},
  pages={1146--1156},
  year={2011},
  publisher={Eco Soc America}
}

@article{vindenes2015,
  title={Individual heterogeneity in life histories and eco-evolutionary dynamics},
  author={Vindenes, Yngvild and Langangen, {\O}ystein},
  journal={Ecology Letters},
  volume={18},
  number={5},
  pages={417--432},
  year={2015},
  publisher={Wiley Online Library}
}

@article{Voje2015,
author = {Voje, Kjetil L and Holen, {\O}istein H and Liow, Lee Hsiang and Stenseth, Nils Chr},
journal = {Proceedings of the Royal Society B},
keywords = {ecology,evolution,palaeontology},
number = {April 2016},
pages = {1--9},
pmid = {25948685},
title = {{The role of biotic forces in driving macroevolution: beyond the Red Queen}},
volume = {282},
year = {2015}
}

@incollection{Wade2006,
author = {Wade, Michael J.},
booktitle = {Evolutionary genetics: concepts and case studies.},
pages = {399--413},
publisher = {Oxford University Press, Oxford},
editor = {Fox, Charles W. and Wolf, Jason B.},
title = {{Natural selection}},
year = {2006}
}

@article{Wagner2010,
author = {Wagner, G{\"{u}}nter P},
doi = {10.1111/j.1558-5646.2009.00909.x},
issn = {1558-5646},
journal = {Evolution},
number = {5},
pages = {1358--76},
pmid = {20002165},
title = {{The measurement theory of fitness.}},
volume = {64},
year = {2010}
}

@book{Wagner2014,
author = {Wagner, Andreas},
title = {{Arrival of the fittest}},
publisher = {Penguin group, New York, New York, USA},
year = {2014}
}

@article{Wal2013,
author = {{Vander Wal}, E and Garant, D and Festa-Bianchet, M and Pelletier, F},
doi = {10.1098/rstb.2012.0090},
issn = {1471-2970},
journal = {Philosophical transactions of the Royal Society of London B: Biological sciences},
number = {1610},
pages = {20120090},
pmid = {23209171},
title = {{Evolutionary rescue in vertebrates: evidence, applications and uncertainty.}},
volume = {368},
year = {2013}
}

@article{Walsh2014,
author = {Walsh, B},
doi = {10.1038/hdy.2013.115},
issn = {1365-2540},
journal = {Heredity},
number = {1},
pages = {1--3},
title = {{Special issues on advances in quantitative genetics: introduction.}},
volume = {112},
year = {2014}
}

@article{walther2002,
  title={Ecological responses to recent climate change},
  author={Walther, Gian-Reto and Post, Eric and Convey, Peter and Menzel, Annette and Parmesan, Camille and Beebee, Trevor JC and Fromentin, Jean-Marc and Hoegh-Guldberg, Ove and Bairlein, Franz},
  journal={Nature},
  volume={416},
  number={6879},
  pages={389--395},
  year={2002},
  publisher={Nature Publishing Group}
}

@article{Wandeler2008,
author = {Wandeler, Peter and Ravaioli, R and Bucher, T. B.},
doi = {10.1111/j.1471-8286.2007.02028.x},
journal = {Molecular Ecology Resources},
pages = {637--639},
title = {{Microsatellite DNA markers for the snow vole (\textit{Chionomys nivalis})}},
volume = {8},
year = {2008}
}

@article{Wandeler2011,
author = {Wandeler, Peter and Camenisch, Glauco},
doi = {10.1111/j.1755-0998.2011.03013.x},
journal = {Molecular Ecology Resources},
pages = {835--841},
title = {{Identifying Y-chromosomal diversity by long-template PCR}},
volume = {11},
year = {2011}
}

@article{Wang2004,
author = {Wang, Jinliang},
journal = {Genetics},
pages = {1963--1979},
title = {{Sibship reconstruction from genetic data with typing errors}},
volume = {166},
year = {2004}
}

@article{Watson1953,
author = {Watson, JD and Crick, FH},
year = {1953},
title = {{Genetical implications of the structure of deoxyribonucleic acid}},
journal = {Nature},
volume = {171},
number = {4361},
pages = {964--967}
}

@incollection{Wayne2006,
author = {Wayne, Marta L and Miyamoto, Michael M},
booktitle = {Evolutionary genetics: concepts and case studies.},
pages = {399--413},
publisher = {Oxford University Press, Oxford},
editor = {Fox, Charles W. and Wolf, Jason B.},
title = {{Genetic variation}},
year = {2006}
}

@article{Webb2003,
author = {Webb, Colleen},
doi = {10.1086/345858},
file = {:home/koen/.local/share/data/Mendeley Ltd./Mendeley Desktop/Downloaded/Webb - 2003 - A complete classification of Darwinian extinction in ecological interactions.pdf:pdf},
issn = {0003-0147},
journal = {The American Naturalist},
keywords = {Animals,Biological Evolution,Ecology,Ecosystem,Mathematics,Models, Biological,Population Dynamics,Selection, Genetic,Time Factors},
month = feb,
number = {2},
pages = {181--205},
pmid = {12675367},
title = {{A complete classification of Darwinian extinction in ecological interactions.}},
url = {http://www.ncbi.nlm.nih.gov/pubmed/12675367},
volume = {161},
year = {2003}
}

@article{Wellenreuther2016,
author = {Wellenreuther, Maren and Hansson, Bengt},
doi = {10.1016/j.tig.2015.12.004},
journal = {Trends in Genetics},
number = {3},
pages = {1--10},
pmid = {26806794},
title = {{Detecting Polygenic Evolution: Problems, Pitfalls, and Promises}},
volume = {32},
year = {2016}
}

@article{Wilberg2008,
author = {Wilberg, Michael J. and Bence, James R.},
journal = {Fisheries Research},
month = sep,
number = {1-2},
pages = {212--221},
title = {{Performance of deviance information criterion model selection in statistical catch-at-age analysis}},
volume = {93},
year = {2008}
}

@book{Wilkins2009,
author = {Wilkins, John S},
title = {{Species. A history of the idea}},
year = {2009},
publisher = {University of California Press},
address = {Berkeley, California, USA}
}

@article{wilson2008,
  title={Why $h^2$ does not always equal $\text{V}_\text{A}/\text{V}_\text{P}$?},
  author={Wilson, AJ},
  journal={Journal of Evolutionary Biology},
  volume={21},
  number={3},
  pages={647--650},
  year={2008},
  publisher={Wiley Online Library}
}

@article{Wilson2009,
author = {Wilson, Alastair J and R\'{e}ale, Denis and Clements, Michelle N and Morrissey, Michael M and Postma, Erik and Walling, Craig A and Kruuk, Loeske E B and Nussey, Daniel H},
journal = {Journal of Animal Ecology},
title = {{An ecologist's guide to the animal model}},
volume = {79},
number = {1},
pages = {13--26},
year = {2009}
}

@article{Wilson2010a,
author = {Wilson, Alastair J and Nussey, Daniel H},
doi = {10.1016/j.tree.2009.10.002},
journal = {Trends in Ecology {\&} Evolution},
number = {4},
pages = {207--14},
pmid = {19897275},
publisher = {Elsevier Ltd},
title = {{What is individual quality? An evolutionary perspective.}},
volume = {25},
year = {2010}
}

@article{Wolf2009,
author = {Wolf, Jason B and Wade, Michael J},
journal = {Philosophical Transactions of the Royal Society B: Biological Sciences},
month = apr,
number = {1520},
pages = {1107--15},
title = {{What are maternal effects (and what are they not)?}},
volume = {364},
year = {2009}
}

@article{Wood2011,
author = {Wood, S.N.},
year = {2011},
title = {{Fast stable restricted maximum likelihood and marginal likelihood estimation of semiparametric generalized linear models.}},
journal = {Journal of the Royal Statistical Society (B)},
volume = {73},
number = {1},
pages = {3--36}
}

@article{Yang2010,
author = {Yang, Jian and Benyamin, Beben and McEvoy, Brian P and Gordon, Scott and Henders, Anjali K and Nyholt, Dale R and Madden, Pamela A and Heath, Andrew C and Martin, Nicholas G and Montgomery, Grant W and Goddard, Michael E and Visscher, Peter M
},
doi = {10.1038/ng.608.Common},
journal = {Nature Genetics},
number = {7},
pages = {565--569},
pmid = {20562875},
title = {{Common SNPs explain a large proportion of the heritability for human height}},
volume = {42},
year = {2010}
}

@article{Zipkin2013,
author = {Zipkin, EF and Thorson, JT and See, K and Lynch, HJ},
file = {:home/koen/.local/share/data/Mendeley Ltd./Mendeley Desktop/Downloaded/Zipkin et al. - 2013 - Modeling structured population dynamics using data from unmarked individuals.pdf:pdf},
journal = {Ecology},
keywords = {der,desmognathus fuscus,detection probability,n-mixture model,northern dusky salaman-,stage-structured models,state-space models},
number = {1},
pages = {22--29},
title = {{Modeling structured population dynamics using data from unmarked individuals}},
url = {http://www.esajournals.org/doi/abs/10.1890/13-1131.1},
volume = {95},
year = {2013}
}
