@article{Agrawal2009,
author = {Agrawal, Aneil F and Stinchcombe, John R},
doi = {10.1098/rspb.2008.1671},
journal = {Proc R Soc Lond B Biol Sci},
number = {1659},
pages = {1183--91},
pmid = {19129097},
title = {{How much do genetic covariances alter the rate of adaptation?}},
volume = {276},
year = {2009}
}

@article{Alroy1998,
author = {Alroy, John},
journal = {Science},
number = {5364},
pages = {731--734},
title = {{Cope's Rule and the Dynamics of Body Mass Evolution in North American Fossil Mammals}},
volume = {280},
year = {1998}
}

@article{Baker2015,
author = {Baker, Joanna and Meade, Andrew and Pagel, Mark and Venditti, Chris},
issn = {0027-8424},
journal = {Proc Natl Acad Sci U S A},
number = {16},
pages = {5093--5098},
title = {{Adaptive evolution toward larger size in mammals}},
volume = {112},
year = {2015}
}

 @Article{Bates2014a,
    title = {Fitting Linear Mixed-Effects Models Using {lme4}},
    author = {Douglas Bates and Martin M{\"a}chler and Ben Bolker and
      Steve Walker},
    journal = {J Stat Softw},
    year = {2015},
    volume = {67},
    number = {1},
    pages = {1--48},
    doi = {10.18637/jss.v067.i01},
  }
	
@article{Bell2010a,
author = {Bell, Graham},
issn = {1471-2970},
journal = {Philos Trans R Soc Lond B Biol Sci},
number = {1537},
pages = {87--97},
title = {{Fluctuating selection: the perpetual renewal of adaptation in variable environments.}},
volume = {365},
year = {2010}
}

@article{Beniston2012,
author = {Beniston, Martin},
doi = {10.1002/wcc.179},
journal = {Wiley Interdiscip Rev Clim Change},
number = {4},
pages = {349--358},
title = {{Is snow in the Alps receding or disappearing?}},
volume = {3},
year = {2012}
}

@article{Blanckenhorn2000,
author = {Blanckenhorn, WU},
journal = {Q. Rev. Biol.},
number = {4},
pages = {385--407},
title = {{The evolution of body size: what keeps organisms small?}},
volume = {75},
year = {2000}
}

@article{Bonnet2016,
author = {Bonnet, Timoth\'ee and Postma, Erik},
journal = {Am Nat},
number = {1},
pages = {60--74},
title = {{Successful by chance? the power of mixed models and neutral simulations for the detection of individual fixed heterogeneity in fitness components}},
volume = {187},
year = {2016}
}

@article{Boutin2014,
author = {Boutin, Stan and Lane, Jeffrey E},
issn = {1752-4571},
journal = {Evol Appl},
number = {1},
pages = {29--41},
pmid = {24454546},
title = {{Climate change and mammals: evolutionary versus plastic responses.}},
volume = {7},
year = {2014}
}

@book{Burnham2002c,
author = {Burnham, KP K.P. and Anderson, D.R. DR},
booktitle = {Ecological Modelling},
doi = {10.1016/j.ecolmodel.2003.11.004},
isbn = {978-0-387-22456-5},
issn = {03043800},
pages = {488},
pmid = {48557578},
publisher = {Springer-Verlag, Heidelberg},
title = {{Model Selection and Multimodel Inference: A Practical Information-Theoretic Approach (2nd ed)}},
volume = {172},
year = {2002}
}

@manual{Butler2009,
    author = {Butler, D. G. and Cullis, B. R. and Gilmour, A. R. and Gogel, B. J.},
    howpublished = {Draft Copy},
    institution = {Queensland Department of Primary Industries and Fisheries},
    issn = {0812-0005},
    keywords = {asreml, r},
    month = mar,
    posted-at = {2011-12-14 19:20:01},
    priority = {2},
    title = {{ASReml}-R reference manual},
    year = {2009}
}

@incollection{Charleworth1994,
author = {Charlesworth, Brian},
isbn = {0-521-45967-2},
pages = {28--30},
edition = {2nd},
publisher = {Cambridge: University of Cambridge Press},
booktitle = {{ Evolution in Age-Structured Populations}},
title = {{Models of age-structured populations}},
year = {1994}
}

@article{Charmantier2014,
author = {Charmantier, Anne and Gienapp, Phillip},
doi = {10.1111/eva.12126},
journal = {Evol Appl},
number = {1},
pages = {15--28},
title = {{Climate change and timing of avian breeding and migration: evolutionary versus plastic changes}},
volume = {7},
year = {2014}
}

@article{Chevin2015a,
author = {Chevin, Luis-Miguel},
doi = {10.1111/2041-210X.12389},
journal = {Methods Ecol Evol},
volume ={6},
issue ={9},
pages = {981--986},
title = {{Evolution of adult size depends on genetic variance in growth trajectories: A comment on analyses of evolutionary dynamics using integral projection models}},
year = {2015}
}

@article{Cooke1990,
author = {Cooke, F. and Taylor, P. D. and Francis C. M. and Rockwell, R. F.},
year = {1990},
title = {{Directional selection and clutch size in birds}},
journal = {Am Nat},
volume = {136},
pages = {261â€“267},
}

@book{Cope1887,
title = {The origin of the fittest : essays on evolution. },
copyright = {NOT_IN_COPYRIGHT},
url = {http://www.biodiversitylibrary.org/item/65400},
note = {http://www.biodiversitylibrary.org/bibliography/24160},
publisher = {New York :D. Appleton,},
author = {Cope, E. D.},
year = {1887},
pages = {532}
}

@article{Cornulier2009,
author = {Cornulier, Thomas and Elston, David a and Arcese, Peter and Benton, Tim G and Douglas, David J T and Lambin, Xavier and Reid, Jane and Robinson, Robert a and Sutherland, William J},
doi = {10.1111/j.1461-0248.2009.01377.x},
issn = {1461-0248},
journal = {Ecology Lett},
month = nov,
number = {11},
pages = {1184--93},
pmid = {19725863},
title = {{Estimating the annual number of breeding attempts from breeding dates using mixture models.}},
volume = {12},
year = {2009}
}

@article{Coulson2008a,
author = {Coulson, Tim and Tuljapurkar, Shripad},
doi = {10.1086/591693},
journal = {Am Nat},
number = {5},
pages = {599--612},
title = {{The dynamics of a quantitative trait in an age-structured population living in a variable environment.}},
volume = {172},
year = {2008}
}

@article{Coulson2015,
author = {Coulson, Tim and Plard, Floriane and Schindler, Susanne and Ozgul, Arpat and Gaillard, Jean-Michel},
journal = {arXiv},
title = {{Quantitative genetics meets integral projection models : unification of widely used methods from ecology and evolution}},
url = {http://de.arxiv.org/abs/1509.01351v1},
year = {2015}
}

@article{Crozier2014,
author = {Crozier, Lisa G. and Hutchings, Jeffrey A.},
journal = {Evol Appl},
number = {1},
pages = {68--87},
title = {{Plastic and evolutionary responses to climate change in fish}},
volume = {7},
year = {2014}
}


@article{deBoer1993,
author = {de Boer, I.J.M. and Hoeschele, I.},
journal = {Theor Appl Genet},
volume = {86},
pages = {245--258},
title = {{Genetic evaluation methods for populations with dominance and inbreeding}},
year= {1993}
}

@article{English2012,
author = {English, Sin\'{e}ad and Bateman, Andrew W and Clutton-Brock, Tim H},
doi = {10.1007/s00442-011-2192-9},
issn = {1432-1939},
journal = {Oecologia},
month = may,
number = {1},
pages = {143--53},
pmid = {22108854},
title = {{Lifetime growth in wild meerkats: incorporating life history and environmental factors into a standard growth model.}},
volume = {169},
year = {2012}
}

@article{Frank2012,
author = {Frank, S A},
issn = {1420-9101},
journal = {J Evol Biol},
number = {6},
pages = {1002--19},
pmid = {22487312},
title = {{Natural selection. IV. The Price equation.}},
volume = {25},
year = {2012}
}

@article{Garcia-Navas2015,
author = {Garc\'{\i}a-Navas, Vicente and Bonnet, Timoth\'{e}e and Waldvogel, Dominique and Wandeler, Peter and Camenisch, Glauco and Postma, Erik},
doi = {10.1016/j.biocon.2015.06.021},
issn = {00063207},
journal = {Biol Conserv},
pages = {168--177},
publisher = {Elsevier B.V.},
title = {{Gene flow counteracts the effect of drift in a Swiss population of snow voles fluctuating in size}},
volume = {191},
year = {2015}
}

@incollection{Gienapp2014,
author= {Gienapp, Phillip and Brommer, Jon E.},
title={{Evolutionary dynamics in response to climate change}},
editor={Charmentier, Anne and Garant, Dany and  Kruuk, Loeske E. B.},
booktitle={Quantitative genetics in the wild},
publisher={Oxford University Press, Oxford},
address={Oxford},
pages = {254--273},
year= {2014}
}

@manual{Gilmour2014,
    author = {Gilmour, A R and Gogel,B J and Cullis,B R  and Welham,S J  and Thompson, R},
    title = {{ASReml User Guide Release 3.0}},
		publisher = {VSN International Ltd, Hemel Hempstead, UK},
    year = {2014}
}

@article{Gobiet2014,
author = {Gobiet, Andreas and Kotlarski, Sven and Beniston, Martin and Heinrich, Georg and Rajczak, Jan and Stoffel, Markus},
journal = {Sci Total Environ},
pages = {1138--1151},
pmid = {23953405},
title = {{21st century climate change in the European Alps-A review}},
volume = {493},
year = {2014}
}

@article{Gonzalez2013a,
author = {Gonzalez, Andrew and Ronce, Oph{\'{e}}lie and Ferriere, Regis and Hochberg, Michael E},
doi = {10.1098/rstb.2012.0404},
journal = {Philos Trans R Soc Lond B Biol Sci},
number = {1610},
pages = {20120404},
title = {{Evolutionary rescue: an emerging focus at the intersection between ecology and evolution.}},
volume = {368},
year = {2013}
}

@article{Gotanda2015,
author = {Gotanda, Kiyoko M. and Correa, Cristi\'{a}n and Turcotte, Martin M. and Rolshausen, Gregor and Hendry, Andrew P.},
doi = {10.1111/evo.12653},
issn = {00143820},
journal = {Evolution},
mendeley-groups = {Bibliography for papers/SelectionMorphoSnowVole},
volume = {69},
issue = {5},
pages = {1345--1354},
title = {{Linking macro-trends and micro-rates: re-evaluating micro-evolutionary support for Cope's rule}},
year = {2015}
}

@Article{Hadfield2006,
    title = {Towards unbiased parentage assignment: combining genetic,
      behavioural and spatial data in a Bayesian framework},
    author = {J.D. Hadfield and D.S. Richardson and T. Burke},
    year = {2006},
    journal = {Mol Ecol},
    volume = {15},
    number = {12},
    pages = {3715--3730},
    month = {1},
  }
	
	@article{Hadfield2008,
author = {Hadfield, Jarrod D},
doi = {10.1098/rspb.2007.1013},
issn = {0962-8452},
journal = {Proc R Soc Lond B Biol Sci},
month = mar,
number = {1635},
pages = {723--34},
pmid = {18211873},
title = {{Estimating evolutionary parameters when viability selection is operating.}},
volume = {275},
year = {2008}
}

@Article{Hadfield2010a,
    title = {MCMC Methods for Multi-Response Generalized Linear Mixed
      Models: The {MCMCglmm} {R} Package},
    author = {Jarrod D Hadfield},
    journal = {J Stat Softw},
    year = {2010},
    volume = {33},
    number = {2},
    pages = {1--22}
	}
	
	@article{Hadfield2010b,
author = {Hadfield, Jarrod D and Wilson, Alastair J and Garant, Dany and Sheldon, Ben C and Kruuk, Loeske E B},
doi = {10.1086/648604},
issn = {1537-5323},
journal = {Am Nat},
month = jan,
number = {1},
pages = {116--25},
pmid = {19922262},
title = {{The misuse of BLUP in ecology and evolution.}},
volume = {175},
year = {2010}
}

	@article{Hadfield2011,
author = {Hadfield, Jarrod D and Wilson, Alastair J and Kruuk, Loeske E B},
doi = {10.1534/genetics.110.124990},
journal = {Genetics},
month = apr,
number = {4},
pages = {1099--113},
title = {{Cryptic evolution: does environmental deterioration have a genetic basis?}},
volume = {187},
year = {2011}
}

@article{Haring2000,
author = {Haring, E and Herzig-Straschil, B and Spitzenberger, F},
journal = {J Zoolog Syst Evol Res},
pages = {231--238},
title = {{Phylogenetic analysis of Alpine voles of the \textit{Microtus multiplex} complex using the mitochondrial control region}},
volume = {38},
year = {2000}
}

@article{Heim2014,
author = {Heim, Noel A and Knope, Matthew L and Schaal, Ellen K and Wang, Steve C and Payne, Jonathan L},
journal = {Science},
number = {6224},
pages = {867--870},
title = {{Cope's rule in the evolution of marine animals}},
volume = {347},
year = {2014}
}

@article{Henderson1950,
author = {Henderson, CR},
year = {1950},
title = {{Estimation of genetic parameters}},
journal = {Annals of mathematical statistics},
volume = {21},
number = {2},
pages = {309--310}
}

@article{Henderson1976,
author = {Henderson, CR},
year = {1976},
title = {{A simple method for computing the inverse of a numerator relationship matrix used in prediction of breeding values}},
journal = {Biometrics},
volume = {32},
number = {1},
pages = {69--83}
}

@book{henderson1984,
  title={{Applications of Linear Models in Animal Breeding}},
  author={Henderson, C R},
	publisher={University of Guelph Press},
	address={Guelph},
  year={1984}
}

@article{Heywood2005,
author = {Heywood, JS},
journal = {Evolution},
number = {11},
pages = {2287--2298},
title = {{An exact form of the breeder's equation for the evolution of a quantitative trait under natural selection}},
volume = {59},
year = {2005}
}

@article{Janeau1997,
author = {Janeau, G and Aulagnier, S},
journal = {IBEX Journal of Mountain Ecology},
pages = {1--11},
title = {{Snow vole - \textit{Chionomys nivalis} (Martins 1842)}},
volume = {4},
year = {1997}
}

@article{Karell2011,
author = {Karell, Patrik and Ahola, Kari and Karstinen, Teuvo and Valkama, Jari and Brommer, Jon E},
journal = {Nat Commun},
pages = {208},
title = {{Climate change drives microevolution in a wild bird.}},
volume = {2},
year = {2011}
}

@article{Kingsolver2001,
author = {Kingsolver, J. G. and Hoekstra, J. M. and Berrigan, D. and Vignieri, S. N. and Hill, C. E. and Hoang, A and Gibert, P and Beerli, P},
journal = {American Nat},
number = {3},
pages = {245--261},
title = {{The strength of phenotypic selection in natural populations}},
volume = {157},
year = {2001}
}

@article{Kingsolver2011,
author = {Kingsolver, Joel G and Diamond, Sarah E},
doi = {10.1086/658341},
isbn = {00030147},
issn = {1537-5323},
journal = {Am Nat},
number = {3},
pages = {346--57},
pmid = {21460543},
title = {{Phenotypic selection in natural populations: what limits directional selection?}},
volume = {177},
year = {2011}
}

@article{Kingsolver2012,
author = {Kingsolver, Joel G. and Diamond, Sarah E. and Siepielski, Adam M. and Carlson, Stephanie M.},
journal = {Evol Ecol},
number = {5},
pages = {1101--1118},
title = {{Synthetic analyses of phenotypic selection in natural populations: lessons, limitations and future directions}},
volume = {26},
year = {2012}
}

@article{Kolliker2015,
author = {K{\"{o}}lliker, Mathias and Boos, Stefan and Wong, Janine W.Y. and R{\"{o}}llin, Lilian and Stucki, Dimitri and Raveh, Shirley and Wu, Min and Meunier, Jo{\"{e}}l},
journal = {Nat Commun},
pages = {6850},
title = {{Parentâ€“offspring conflict and the genetic trade-offs shaping parental investment}},
volume = {6},
year = {2015}
}

@article{Kovach2012,
author = {Kovach, Ryan P. and Gharrett, Anthony J. and Tallmon, David A.},
journal = {Proc R Soc Lond B Biol Sci},
number = {1743},
pages = {3870--3878},
title = {{Genetic change for earlier migration timing in a pink salmon population}},
volume = {279},
year = {2012}
}

@article{Kruuk2004a,
author = {Kruuk, Loeske E B},
doi = {10.1098/rstb.2003.1437},
issn = {0962-8436},
journal = {Philos Trans R Soc Lond B Biol Sci},
number = {1446},
pages = {873--90},
pmid = {15306404},
title = {{Estimating genetic parameters in natural populations using the 'animal model'}},
volume = {359},
year = {2004}
}

@article{Kruuk2007,
author = {Kruuk, L E B and Hadfield, J D},
doi = {10.1111/j.1420-9101.2007.01377.x},
journal = {J Evol Biol},
month = sep,
number = {5},
pages = {1890--903},
title = {{How to separate genetic and environmental causes of similarity between relatives}},
volume = {20},
year = {2007}
}

@article{Lamichhaney2016,
author = {Lamichhaney, S. and Han, F. and Berglund, J. and Wang, C. and Almen, M. S. and Webster, M. T. and Grant, B. R. and Grant, P. R. and Andersson, L.},
doi = {10.1126/science.aad8786},
journal = {Science},
number = {6284},
pages = {470--474},
title = {{A beak size locus in Darwins finches facilitated character displacement during a drought}},
volume = {352},
year = {2016}
}

@article{Lande1983,
author = {Lande, Russell and Arnold, Stevan J},
journal = {Evolution},
number = {6},
pages = {1210--1226},
title = {{The measurement of selection on correlated characters}},
volume = {37},
year = {1983}
}

@book{Lynch1998,
    author = {Lynch, Michael and Walsh, Bruce},
    howpublished = {Hardcover},
    publisher = {Sinauer Associates},
    title = {{Genetics and Analysis of Quantitative Traits}},
    year = {1998}
}

@article{Marshall1998,
author = {Marshall, TC and Slate, J and Kruuk, Loeske E.B. and Pemberton, Josephine M},
journal = {Mol Ecol},
pages = {639--655},
title = {{Statistical confidence for likelihood-based paternity inference in natural populations}},
volume = {7},
year = {1998}
}

@article{Merila2001a,
author = {Meril{\"{a}}, J and Kruuk, L E and Sheldon, B C},
journal = {Nature},
pages = {76--79},
pmid = {11452309},
title = {{Cryptic evolution in a wild bird population.}},
volume = {412},
year = {2001}
}

@article{Merila2001,
author = {Meril\"{a}, J and Sheldon, B C and Kruuk, L E B},
journal = {Genetica},
keywords = {animal model,breeding value,cervus elaphus,ficedula albicollis,microevolution,natural selection},
pages = {199--222},
title = {{Explaining stasis: microevolutionary studies in natural populations}},
volume = {112},
year = {2001}
}

@article{Merila2014,
author = {Meril{\"{a}}, Juha and Hendry, Andrew P.},
journal = {Evol Appl},
number = {1},
pages = {1--14},
title = {{Climate change, adaptation, and phenotypic plasticity: The problem and the evidence}},
volume = {7},
year = {2014}
}

@article{Milot2011,
author = {Milot, Emmanuel and Mayer, Francine M and Nussey, Daniel H and Boisvert, Mireille and Pelletier, Fanie and R{\'{e}}ale, Denis},
journal = {Proc Natl Acad Sci U S A},
number = {41},
pages = {17040--17045},
title = {{Evidence for evolution in response to natural selection in a contemporary human population}},
volume = {108},
year = {2011}
}

@article{Mitchell-Olds1987,
abstract = {Evolution},
author = {Mitchell-Olds, T and Shaw, R G},
journal = {Evolution},
number = {6},
pages = {1149--1161},
title = {{Regression analysis of natural selection: statistical inference and biological interpretation}},
volume = {41},
year = {1987}
}

@article{Morrissey2010a,
author = {Morrissey, M B and Kruuk, L E B and Wilson, a J},
issn = {1420-9101},
journal = {J Evol Biol},
number = {11},
pages = {2277--88},
pmid = {20831731},
title = {{The danger of applying the breeder's equation in observational studies of natural populations.}},
volume = {23},
year = {2010}
}

@article{Morrissey2012,
author = {Morrissey, Michael B and Parker, Darren J and Korsten, Peter and Pemberton, Josephine M and Kruuk, Loeske E B and Wilson, Alastair J},
journal = {Evolution},
number = {8},
pages = {2399--2410},
title = {{The prediction of adaptive evolution: empirical application of the secondary theorem of selection and comparison to the breeder's equation}},
volume = {66},
year = {2012}
}
@article{Morrissey2012b,
author = {Morrissey, Michael B and Hadfield, Jarrod D},
doi = {10.1111/j.1558-5646.2011.01444.x},
issn = {1558-5646},
journal = {Evolution},
month = feb,
number = {2},
pages = {435--42},
pmid = {22276539},
title = {{Directional selection in temporally replicated studies is remarkably consistent.}},
volume = {66},
year = {2012}
}

@article{Morrissey2012c,
author = {Morrissey, Michael B. and Walling, Craig a. and Wilson, Alastair J. and Pemberton, Josephine M. and Clutton-Brock, Tim H. and Kruuk, Loeske E. B.},
doi = {10.1086/664686},
isbn = {0003-0147},
issn = {00030147},
journal = {Am Nat},
number = {4},
pages = {E97-- E114},
pmid = {22437186},
title = {{Genetic analysis of life-history constraint and evolution in a wild ungulate population}},
volume = {179},
year = {2012}
}

@article{Morrissey2014,
author = {Morrissey, Michael B},
journal = {Evolution},
number = {6},
pages = {1748--61},
pmid = {24611949},
title = {{Selection and evolution of causally covarying traits.}},
volume = {68},
year = {2014}
}


@article{Mousseau1987,
author = {Mousseau, Timothy A and Roff, Derek A},
doi = {10.1038/hdy.1987.113},
journal = {Heredity},
month = oct,
number = {2},
pages = {181--197},
title = {{Natural selection and the heritability of fitness components}},
volume = {59},
year = {1987}
}

@article{Owens1999,
author = {Owens, I. P F and Wilson, K.},
doi = {10.1016/S0169-5347(98)01580-8},
isbn = {0169-5347},
issn = {01695347},
journal = {Trends Ecol Evol},
number = {5},
pages = {170--172},
pmid = {972},
title = {{Immunocompetence: A neglected life history trait or conspicuous red herring?}},
volume = {14},
year = {1999}
}

@article{parmesan2006,
  title={Ecological and evolutionary responses to recent climate change},
  author={Parmesan, Camille},
  journal={Annu Rev Ecol Evol Syst},
  pages={637--669},
  year={2006},
  publisher={JSTOR}
}

@article{Pigeon2016,
author = {Pigeon, Gabriel and Festa-Bianchet, Marco and Coltman, David W. and Pelletier, Fanie},
doi = {10.1111/eva.12358},
issn = {17524571},
journal = {Evol Appl},
month = {jan},
pages = {in press},
title = {{Intense selective hunting leads to artificial evolution in horn size}},
year = {2016}
}

@inproceedings{Plummer2003,
    author = {Plummer, Martyn},
    booktitle = {Proceedings of the 3rd International Workshop on Distributed Statistical Computing},
    citeulike-article-id = {10263507},
    keywords = {jags, software, statistics},
    location = {Vienna, Austria},
    posted-at = {2012-01-25 04:38:13},
    priority = {0},
    title = {{JAGS}: A program for analysis of {Bayesian} graphical models using {Gibbs} sampling},
    year = {2003}
}

@article {Poissant2010,
author = {Poissant, Jocelyn and Wilson, Alastair J. and Coltman, David W.},
title = {{Sex-specific genetic variance and the evolution of sexual dimorphism : a systematic review of cross-sex genetic correlations}},
journal = {Evolution},
volume = {64},
number = {1},
pages = {97--107},
year = {2010},
}

@article{Postma2006,
author = {Postma, E},
doi = {10.1111/j.1420-9101.2005.01007.x},
journal = {J. Evol. Biol.},
pages = {309--320},
title = {{Implications of the difference between true and predicted breeding values for the study of natural selection and micro-evolution}},
volume = {19},
year = {2006}
}

@article{Postma2007a,
author = {Postma, E and Visser, J and {Van Noordwijk}, A J},
journal = {J Evol Biol},
pages = {1823--1832},
title = {{Strong artificial selection in the wild results in predicted small evolutionary change}},
volume = {20},
year = {2007}
}

@incollection{Postma2014,
author= {Postma, Erik},
title={{Four decades of estimating heritabilities in wild vertebrate populations: improved methods, more data, better estimates?}},
editor={Charmentier, Anne and Garant, Dany and  Kruuk, Loeske E. B.},
edition = {1st},
booktitle={Quantitative genetics in the wild},
publisher={Oxford University Press},
address={Oxford},
pages = {16--33},
year= 2014
}

@article{Price1970,
  title={Selection and covariance.},
  author={Price, George R},
  journal={Nature},
  volume={227},
  pages={520--21},
  year={1970},
  publisher={London}
}

@Manual{R2014,
    title = {R: A Language and Environment for Statistical Computing},
    author = {{R Core Team}},
    organization = {R Foundation for Statistical Computing},
    address = {Vienna, Austria},
    year = {2014},
    url = {http://www.R-project.org/},
  }
	
	@article{Rausher1992,
author = {Rausher, Mark D.},
journal = {Evolution},
number = {3},
pages = {616--626},
title = {{The measurement of selection on quantitative traits: biases due to environmental covariances between traits and fitness}},
volume = {46},
year = {1992}
}

@article{Reznick1996,
author = {Reznick, D N and Bryga, H A},
journal = {Am Nat},
number = {3},
pages = {339--359},
title = {{Life-history evolution in guppies (\textit{Poecilia reticulata}: Poeciliidae).5. Genetic basis of parallelism in life histories}},
volume = {147},
year = {1996}
}

@article{Reznick1997,
author = {Reznick, David N and Shaw, Frank H and Rodd, F Helen and Shaw, Ruth G},
journal = {Science},
pages = {1934--1937},
title = {{Evaluation of the Rate of Evolution in Natural Populations of Guppies (Poecilia reticulata)}},
volume = {275},
year = {1997}
}

	@article{Robertson1966,
author = {Robertson, A},
title = {{A mathematical model of the culling process in dairy cattle.}},
journal = {Animal Production},
volume = {8},
pages = {95--108},
year={1966}
}

@article{Roff2007,
author = {Roff, Derek a.},
journal = {Evolution},
number = {5},
pages = {1017--1032},
title = {{A centennial celebration for quantitative genetics}},
volume = {61},
year = {2007}
}

@article{Rollinson2015b,
author = {Rollinson, Njal and Rowe, Locke},
issn = {1558-5646},
journal = {Evolution},
number = {9},
pages = {2441--2451},
title = {{Persistent directional selection on body size and a resolution to the paradox of stasis}},
volume = {69},
year = {2015}
}

@article{Schluter1991,
author = {Schluter, Dolph and Price, Trevor D. Price and Rowe, Locke},
journal = {Proc R Soc Lond B Biol Sci},
number = {1315},
pages = {11--17},
title = {{Conflicting selection pressures and life history trade-offs}},
volume = {246},
year = {1991}
}

@article{Stearns1986,
author = {Stearns, S. C. and Koella, J.C.},
doi = {10.2307/2408752},
isbn = {0014-3820},
journal = {Evolution},
keywords = {697},
number = {5},
pages = {893--913},
title = {{The evolution of phenotypic plasticity in life-history traits: Predictions of reaction norms for age and size at maturity.}},
volume = {40},
year = {1986}
}

@article{Steiner2012,
author = {Steiner, Ulrich Karl and Tuljapurkar, Shripad},
journal = {Proc Natl Acad Sci U S A},
number = {12},
pages = {4684--4689},
title = {{Neutral theory for life histories and individual variability in fitness components}},
volume = {109},
year = {2012}
}

@article{Steinsland2014,
author = {Steinsland, Ingelin and Larsen, Camilla Thorrud and Roulin, Alexandre and Jensen, Henrik},
doi = {10.1111/evo.12380},
journal = {Evolution},
month = jun,
number = {6},
pages = {1735--1747},
pmid = {24673414},
title = {{Quantitative genetic modeling and inference in the presence of nonignorable missing data.}},
volume = {68},
year = {2014}
}

@article{Stinchcombe2014,
author = {Stinchcombe, John R and Simonsen, Anna K and Blows, Mark W},
doi = {10.1111/evo.12321},
issn = {1558-5646},
journal = {Evolution},
month = apr,
number = {4},
pages = {1188--96},
pmid = {24274331},
title = {{Estimating uncertainty in multivariate responses to selection}},
volume = {68},
year = {2014}
}

@incollection{Tieplisli2014,
author= {Teplitsky, C\'{e}line and Robinson, Matthew R. and Meril\"{a}, Juha},
title={{Evolutionary potential and constraints in wild populations}},
editor={Charmentier, Anne and Garant, Dany and  Kruuk, Loeske E. B.},
edition = {1st},
booktitle={Quantitative genetics in the wild},
publisher={Oxford University Press},
address={Oxford},
pages = {190--207},
year= 2014
}

@article{Trivers1974,
author = {Trivers, Robert L},
issn = {0003-1569},
journal = {Am Zool},
pages = {249--264},
title = {{Parent-offspring conflict}},
volume = {14},
year = {1974}
}

@inproceedings{VanNoordwijk1988a,
author = {{van Noordwijk}, A. J.},
booktitle = {Acta XIX Congressus Internationalis Orhithologici, Vol. II, University of Ottawa Press, Ottawa,},
title = {{Two-stage selection in which the first stage only reduces the environmental variation in body size in the great tit}},
year = {1988}
}

@article {vantHof2011,
	author = {van{\textquoteright}t Hof, Arjen E. and Edmonds, Nicola and Dal{\'\i}kov{\'a}, Martina and Marec, Franti{\v s}ek and Saccheri, Ilik J.},
	title = {Industrial melanism in British peppered moths Has a singular and recent mutational origin},
	volume = {332},
	number = {6032},
	pages = {958--960},
	year = {2011},
	issn = {0036-8075},
	journal = {Science}
}

@article{Walsh2014,
author = {Walsh, B},
doi = {10.1038/hdy.2013.115},
issn = {1365-2540},
journal = {Heredity},
number = {1},
pages = {1--3},
title = {{Special issues on advances in quantitative genetics: introduction.}},
volume = {112},
year = {2014}
}


@article{Wandeler2008,
author = {Wandeler, Peter and Ravaioli, R and Bucher, T. B.},
doi = {10.1111/j.1471-8286.2007.02028.x},
journal = {Mol Ecol Res},
pages = {637--639},
title = {{Microsatellite DNA markers for the snow vole (\textit{Chionomys nivalis})}},
volume = {8},
year = {2008}
}

@article{Wandeler2011,
author = {Wandeler, Peter and Camenisch, Glauco},
doi = {10.1111/j.1755-0998.2011.03013.x},
journal = {Mol Ecol Res},
pages = {835--841},
title = {{Identifying Y-chromosomal diversity by long-template PCR}},
volume = {11},
year = {2011}
}

@article{Wellenreuther2016,
author = {Wellenreuther, Maren and Hansson, Bengt},
doi = {10.1016/j.tig.2015.12.004},
journal = {Trends Genet},
number = {3},
pages = {1--10},
pmid = {26806794},
title = {{Detecting Polygenic Evolution: Problems, Pitfalls, and Promises}},
volume = {32},
year = {2016}
}

@article{Wilson2010,
author = {Wilson, Alastair J and R\'{e}ale, Denis and Clements, Michelle N and Morrissey, Michael M and Postma, Erik and Walling, Craig a and Kruuk, Loeske E B and Nussey, Daniel H},
doi = {10.1111/j.1365-2656.2009.01639.x},
issn = {1365-2656},
journal = {J Anim Ecol},
month = jan,
number = {1},
pages = {13--26},
pmid = {20409158},
title = {{An ecologist's guide to the animal model.}},
volume = {79},
year = {2009}
}